
%%%%%%%%%%%%%%%%%%%%%%%%%%%%%%%%%%%%%%%%%%%%%%%
%%%%%%%%%%% NIKA papers
%%%%%%%%%%%%%%%%%%%%%%%%%%%%%%%%%%%%%%%%%%%%%%%
	
@ARTICLE{monfardini2010,
   author = {{Monfardini}, A. and {Swenson}, L.~J. and {Bideaud}, A. and 
	{D{\'e}sert}, F.~X. and {Yates}, S.~J.~C. and {Benoit}, A. and 
	{Baryshev}, A.~M. and {Baselmans}, J.~J.~A. and {Doyle}, S. and 
	{Klein}, B. and {Roesch}, M. and {Tucker}, C. and {Ade}, P. and 
	{Calvo}, M. and {Camus}, P. and {Giordano}, C. and {Guesten}, R. and 
	{Hoffmann}, C. and {Leclercq}, S. and {Mauskopf}, P. and {Schuster}, K.~F.},
    title = "{NIKA: A millimeter-wave kinetic inductance camera}",
  journal = {\aap},
archivePrefix = "arXiv",
   eprint = {1004.2209},
 primaryClass = "astro-ph.IM",
 keywords = {instrumentation: detectors, submillimeter: general},
     year = 2010,
    month = oct,
   volume = 521,
      eid = {A29},
    pages = {A29},
      doi = {10.1051/0004-6361/201014727},
   adsurl = {http://adsabs.harvard.edu/abs/2010A%26A...521A..29M},
  adsnote = {Provided by the SAO/NASA Astrophysics Data System}
}

@ARTICLE{monfardini2011,
   author = {{Monfardini}, A. and {Benoit}, A. and {Bideaud}, A. and {Swenson}, L.~J. and 
	{Cruciani}, A. and {Camus}, P. and {Hoffmann}, C. and {D{\'e}sert}, F.~X. and 
	{Doyle}, S. and {Ade}, P. and {Mauskopf}, P. and {Tucker}, C. and 
	{Roesch}, M. and {Leclercq}, S. and {Schuster}, K.~F. and {Endo}, A. and 
	{Baryshev}, A. and {Baselmans}, J.~J.~A. and {Ferrari}, L. and 
	{Yates}, S.~J.~C. and {Bourrion}, O. and {Macias-Perez}, J. and 
	{Vescovi}, C. and {Calvo}, M. and {Giordano}, C.},
    title = "{A Dual-band Millimeter-wave Kinetic Inductance Camera for the IRAM 30 m Telescope}",
  journal = {\apjs},
archivePrefix = "arXiv",
   eprint = {1102.0870},
 primaryClass = "astro-ph.IM",
 keywords = {instrumentation: detectors, radio continuum: galaxies, radio continuum: general, submillimeter: galaxies, submillimeter: general, techniques: miscellaneous},
     year = 2011,
    month = jun,
   volume = 194,
      eid = {24},
    pages = {24},
      doi = {10.1088/0067-0049/194/2/24},
   adsurl = {http://adsabs.harvard.edu/abs/2011ApJS..194...24M},
  adsnote = {Provided by the SAO/NASA Astrophysics Data System}
}
@ARTICLE{roesch,
   author = {{Roesch}, M. and {Benoit}, A. and {Bideaud}, A. and {Boudou}, N. and 
	{Calvo}, M. and {Cruciani}, A. and {Doyle}, S. and {Leduc}, H.~G. and 
	{Monfardini}, A. and {Swenson}, L. and {Leclercq}, S. and {Mauskopf}, P. and 
	{Schuster}, K.~F. and {for the NIKA collaboration}},
    title = "{Development of Lumped Element Kinetic Inductance Detectors for NIKA}",
  journal = {ArXiv e-prints},
archivePrefix = "arXiv",
   eprint = {1212.4585},
 primaryClass = "astro-ph.IM",
 keywords = {Astrophysics - Instrumentation and Methods for Astrophysics},
     year = 2012,
    month = dec,
   adsurl = {http://adsabs.harvard.edu/abs/2012arXiv1212.4585R},
  adsnote = {Provided by the SAO/NASA Astrophysics Data System}
}


@ARTICLE{Calvo2013,
   author = {{Calvo}, M. and {Roesch}, M. and {D\'esert}, F. X. and
	{Monfardini}, A. and {Benoit}, A. and {Mauskopf}, P. and {Ade}, P. and {Boudou}, N. and
    {Bourrion}, O. and {Camus}, P. and {Cruciani}, A. and {Doyle}, S. and
    {Hoffmann}, C. and {Leclercq}, S. and {Macias-Perez}, J. F. and {Ponthieu}, N. and
    {Schuster}, K. F. and {Tucker}, C.  and {Vescovi}, C.},
    title = "{Improved mm-wave photometry for kinetic inductance detectors}",
  journal = {\aap},
     year = 2013,
    month = feb,
   volume = 551,
    pages = {L12},
      doi = {10.1051/0004-6361/201219854},
   adsurl = {http://adsabs.harvard.edu/abs/2013A%A...551L..12C}
}

@ARTICLE{bourrion2011,
      author = {{Bourrion}, O. and {Bideaud}, A. and {Benoit}, A. and {Cruciani}, A. and {Macias-Perez}, J.~F. and {Monfardini}, A. and {Roesch}, M. and {Swenson}, L.~J. and {Vescovi}, C.},
      title          = "{Electronics and data acquisition demonstrator for a kinetic inductance camera}",
      journal        = {JINST},
      volume         = 6,
      pages          = {P06012},
      doi            = {10.1088/1748-0221/6/06/P06012},
      year           = 2011,
      eprint         = {1102.1314},
      archivePrefix  = "arXiv",
      primaryClass   = "astro-ph.IM",
}



@ARTICLE{catalano2014,
   author = {{Catalano}, A. and {Calvo}, M. and {Ponthieu}, N. and {Adam}, R. and 
	{Adane}, A. and {Ade}, P. and {Andr{\'e}}, P. and {Beelen}, A. and 
	{Belier}, B. and {Beno{\^i}t}, A. and {Bideaud}, A. and {Billot}, N. and 
	{Boudou}, N. and {Bourrion}, O. and {Coiffard}, G. and {Comis}, B. and 
	{D'Addabbo}, A. and {D{\'e}sert}, F.-X. and {Doyle}, S. and 
	{Goupy}, J. and {Kramer}, C. and {Leclercq}, S. and {Mac{\'{\i}}as-P{\'e}rez}, J.~F. and 
	{Martino}, J. and {Mauskopf}, P. and {Mayet}, F. and {Monfardini}, A. and 
	{Pajot}, F. and {Pascale}, E. and {Perotto}, L. and {Rev{\'e}ret}, V. and 
	{Rodriguez}, L. and {Savini}, G. and {Schuster}, K. and {Sievers}, A. and 
	{Tucker}, C. and {Zylka}, R.},
    title = "{Performance and calibration of the NIKA camera at the IRAM 30 m telescope}",
  journal = {\aap},
archivePrefix = "arXiv",
   eprint = {1402.0260},
 primaryClass = "astro-ph.IM",
 keywords = {methods: observational, submillimeter: general, submillimeter: galaxies, submillimeter: ISM},
     year = 2014,
    month = sep,
   volume = 569,
      eid = {A9},
    pages = {A9},
      doi = {10.1051/0004-6361/201423557},
   adsurl = {http://adsabs.harvard.edu/abs/2014A%26A...569A...9C},
  adsnote = {Provided by the SAO/NASA Astrophysics Data System}
}
@ARTICLE{2016arXiv160508628C,
   author = {{Catalano}, A. and {Adam}, R. and {Ade}, P. and {Andr{\'e}}, P. and 
	{Aussel}, H. and {Beelen}, A. and {Beno{\^i}t}, A. and {Bideaud}, A. and 
	{Billot}, N. and {Bourrion}, O. and {Calvo}, M. and {Coiffard}, G. and 
	{Comis}, B. and {D{\'e}sert}, F.-X. and {Doyle}, S. and {Goupy}, J. and 
	{Kramer}, C.~F. and {Lagache}, G. and {Leclercq}, S. and {Lestrade}, J.~F. and 
	{Mac{\'{\i}}as-P{\'e}rez}, J.~F. and {Maury}, A. and {Mauskopf}, P. and 
	{Mayet}, F. and {Monfardini}, A. and {Pajot}, F. and {Pascale}, E. and 
	{Perotto}, L. and {Pisano}, G. and {Ponthieu}, N. and {Rev{\'e}ret}, V. and 
	{Ritacco}, A. and {Rodriguez}, L. and {Romero}, C. and {Roussel}, H. and 
	{Ruppin}, F. and {Schuster}, K. and {Sievers}, A. and {Soler}, J. and 
	{Triqueneaux}, S. and {Tucker}, C. and {Zylka}, R.},
    title = "{The NIKA2 commissioning campaign: performance and first results}",
  journal = {ArXiv e-prints, 1605.08628},
archivePrefix = "arXiv",
   eprint = {1605.08628},
 primaryClass = "astro-ph.IM",
 keywords = {Astrophysics - Instrumentation and Methods for Astrophysics, Physics - Instrumentation and Detectors},
     year = 2016,
    month = may,
   adsurl = {http://adsabs.harvard.edu/abs/2016arXiv160508628C},
  adsnote = {Provided by the SAO/NASA Astrophysics Data System}
}


@ARTICLE{adam2014,
   author = {{Adam}, R. and {Comis}, B. and {Mac{\'{\i}}as-P{\'e}rez}, J.~F. and 
	{Adane}, A. and {Ade}, P. and {Andr{\'e}}, P. and {Beelen}, A. and 
	{Belier}, B. and {Beno{\^i}t}, A. and {Bideaud}, A. and {Billot}, N. and 
	{Boudou}, N. and {Bourrion}, O. and {Calvo}, M. and {Catalano}, A. and 
	{Coiffard}, G. and {D'Addabbo}, A. and {D{\'e}sert}, F.-X. and 
	{Doyle}, S. and {Goupy}, J. and {Kramer}, C. and {Leclercq}, S. and 
	{Martino}, J. and {Mauskopf}, P. and {Mayet}, F. and {Monfardini}, A. and 
	{Pajot}, F. and {Pascale}, E. and {Perotto}, L. and {Pointecouteau}, E. and 
	{Ponthieu}, N. and {Rev{\'e}ret}, V. and {Rodriguez}, L. and 
	{Savini}, G. and {Schuster}, K. and {Sievers}, A. and {Tucker}, C. and 
	{Zylka}, R.},
    title = "{First observation of the thermal Sunyaev-Zel'dovich effect with kinetic inductance detectors}",
  journal = {\aap},
archivePrefix = "arXiv",
   eprint = {1310.6237},
 keywords = {instrumentation: detectors, techniques: high angular resolution, galaxies: clusters: individual: RX J1347.5-1145, galaxies: clusters: intracluster medium},
     year = 2014,
    month = sep,
   volume = 569,
      eid = {A66},
    pages = {A66},
      doi = {10.1051/0004-6361/201322902},
   adsurl = {http://adsabs.harvard.edu/abs/2014A%26A...569A..66A},
  adsnote = {Provided by the SAO/NASA Astrophysics Data System}
}

@ARTICLE{adam2015,
   author = {{Adam}, R. and {Comis}, B. and {Mac{\'{\i}}as-P{\'e}rez}, J.-F. and 
	{Adane}, A. and {Ade}, P. and {Andr{\'e}}, P. and {Beelen}, A. and 
	{Belier}, B. and {Beno{\^i}t}, A. and {Bideaud}, A. and {Billot}, N. and 
	{Blanquer}, G. and {Bourrion}, O. and {Calvo}, M. and {Catalano}, A. and 
	{Coiffard}, G. and {Cruciani}, A. and {D'Addabbo}, A. and {D{\'e}sert}, F.-X. and 
	{Doyle}, S. and {Goupy}, J. and {Kramer}, C. and {Leclercq}, S. and 
	{Martino}, J. and {Mauskopf}, P. and {Mayet}, F. and {Monfardini}, A. and 
	{Pajot}, F. and {Pascale}, E. and {Perotto}, L. and {Pointecouteau}, E. and 
	{Ponthieu}, N. and {Rev{\'e}ret}, V. and {Ritacco}, A. and {Rodriguez}, L. and 
	{Savini}, G. and {Schuster}, K. and {Sievers}, A. and {Tucker}, C. and 
	{Zylka}, R.},
    title = "{Pressure distribution of the high-redshift cluster of galaxies CL J1226.9+3332 with NIKA}",
  journal = {\aap},
archivePrefix = "arXiv",
   eprint = {1410.2808},
 keywords = {techniques: high angular resolution, galaxies: clusters: individual: CL J1226.9+3332},
     year = 2015,
    month = apr,
   volume = 576,
      eid = {A12},
    pages = {A12},
      doi = {10.1051/0004-6361/201425140},
   adsurl = {http://adsabs.harvard.edu/abs/2015A%26A...576A..12A},
  adsnote = {Provided by the SAO/NASA Astrophysics Data System}
}
@ARTICLE{adam2016,
   author = {{Adam}, R. and {Comis}, B. and {Bartalucci}, I. and {Adane}, A. and 
	{Ade}, P. and {Andr{\'e}}, P. and {Arnaud}, M. and {Beelen}, A. and 
	{Belier}, B. and {Beno{\^i}t}, A. and {Bideaud}, A. and {Billot}, N. and 
	{Bourrion}, O. and {Calvo}, M. and {Catalano}, A. and {Coiffard}, G. and 
	{D'Addabbo}, A. and {D{\'e}sert}, F.-X. and {Doyle}, S. and 
	{Goupy}, J. and {Hasnoun}, B. and {Hermelo}, I. and {Kramer}, C. and 
	{Lagache}, G. and {Leclercq}, S. and {Mac{\'{\i}}as-P{\'e}rez}, J.-F. and 
	{Martino}, J. and {Mauskopf}, P. and {Mayet}, F. and {Monfardini}, A. and 
	{Pajot}, F. and {Pascale}, E. and {Perotto}, L. and {Pointecouteau}, E. and 
	{Ponthieu}, N. and {Pratt}, G.~W. and {Rev{\'e}ret}, V. and 
	{Ritacco}, A. and {Rodriguez}, L. and {Savini}, G. and {Schuster}, K. and 
	{Sievers}, A. and {Triqueneaux}, S. and {Tucker}, C. and {Zylka}, R.
	},
    title = "{High angular resolution Sunyaev-Zel'dovich observations of MACS J1423.8+2404 with NIKA: Multiwavelength analysis}",
  journal = {\aap},
archivePrefix = "arXiv",
   eprint = {1510.06674},
 keywords = {techniques: high angular resolution, galaxies: clusters: individual: MACS J1423.8+2404, galaxies: clusters: intracluster medium},
     year = 2016,
    month = feb,
   volume = 586,
      eid = {A122},
    pages = {A122},
      doi = {10.1051/0004-6361/201527616},
   adsurl = {http://adsabs.harvard.edu/abs/2016A%26A...586A.122A},
  adsnote = {Provided by the SAO/NASA Astrophysics Data System}
}

@ARTICLE{2016arXiv160902042R,
   author = {{Ritacco}, A. and {Ponthieu}, N. and {Catalano}, A. and {Adam}, R. and 
	{Ade}, P. and {Andr{\'e}}, P. and {Beelen}, A. and {Beno{\^i}t}, A. and 
	{Bideaud}, A. and {Billot}, N. and {Bourrion}, O. and {Calvo}, M. and 
	{Coiffard}, G. and {Comis}, B. and {D{\'e}sert}, F.-X. and {Doyle}, S. and 
	{Goupy}, J. and {Kramer}, C. and {Leclercq}, S. and {Mac{\'{\i}}as-P{\'e}rez}, J.~F. and 
	{Mauskopf}, P. and {Maury}, A. and {Mayet}, F. and {Monfardini}, A. and 
	{Pajot}, F. and {Pascale}, E. and {Perotto}, L. and {Pisano}, G. and 
	{Rebolo-Iglesias}, M. and {Rev{\'e}ret}, V. and {Rodriguez}, L. and 
	{Romero}, C. and {Ruppin}, F. and {Savini}, G. and {Schuster}, K. and 
	{Sievers}, A. and {Thum}, C. and {Triqueneaux}, S. and {Tucker}, C. and 
	{Zylka}, R.},
    title = "{Polarimetry at millimeter wavelengths with the NIKA camera: calibration and performance}",
  journal = {ArXiv e-prints, 1609.02042},
archivePrefix = "arXiv",
   eprint = {1609.02042},
 primaryClass = "astro-ph.IM",
 keywords = {Astrophysics - Instrumentation and Methods for Astrophysics},
     year = 2016,
    month = sep,
   adsurl = {http://adsabs.harvard.edu/abs/2016arXiv160902042R},
  adsnote = {Provided by the SAO/NASA Astrophysics Data System}
}

@ARTICLE{2016arXiv160707679R,
   author = {{Ruppin}, F. and {Adam}, R. and {Comis}, B. and {Ade}, P. and 
	{Andr{\'e}}, P. and {Arnaud}, M. and {Beelen}, A. and {Beno{\^i}t}, A. and 
	{Bideaud}, A. and {Billot}, N. and {Bourrion}, O. and {Calvo}, M. and 
	{Catalano}, A. and {Coiffard}, G. and {D'Addabbo}, A. and {De Petris}, M. and 
	{D{\'e}sert}, F.-X. and {Doyle}, S. and {Goupy}, J. and {Kramer}, C. and 
	{Leclercq}, S. and {Mac{\'{\i}}as-P{\'e}rez}, J.~F. and {Mauskopf}, P. and 
	{Mayet}, F. and {Monfardini}, A. and {Pajot}, F. and {Pascale}, E. and 
	{Perotto}, L. and {Pisano}, G. and {Pointecouteau}, E. and {Ponthieu}, N. and 
	{Pratt}, G.~W. and {Rev{\'e}ret}, V. and {Ritacco}, A. and {Rodriguez}, L. and 
	{Romero}, C. and {Schuster}, K. and {Sievers}, A. and {Triqueneaux}, S. and 
	{Tucker}, C. and {Zylka}, R.},
    title = "{Non parametric deprojection of NIKA SZ observations: pressure distribution in the Planck-discovered cluster PSZ1 G045.85+57.71}",
  journal = {ArXiv e-prints, 1607.07679, A\&A, in press},
archivePrefix = "arXiv",
   eprint = {1607.07679},
 keywords = {Astrophysics - Cosmology and Nongalactic Astrophysics},
     year = 2016,
    month = jul,
   adsurl = {http://adsabs.harvard.edu/abs/2016arXiv160707679R},
  adsnote = {Provided by the SAO/NASA Astrophysics Data System}
}



@ARTICLE{2013PASP..125.1126R,
   author = {{Roussel}, H.},
    title = "{Scanamorphos: A Map-making Software for Herschel and Similar Scanning Bolometer Arrays}",
  journal = {\pasp},
archivePrefix = "arXiv",
   eprint = {1205.2576},
 primaryClass = "astro-ph.IM",
     year = 2013,
    month = sep,
   volume = 125,
    pages = {1126-1163},
      doi = {10.1086/673310},
   adsurl = {http://adsabs.harvard.edu/abs/2013PASP..125.1126R},
  adsnote = {Provided by the SAO/NASA Astrophysics Data System}
}

@INPROCEEDINGS{2006SPIE.6275E..0UA,
   author = {{Ade}, P.~A.~R. and {Pisano}, G. and {Tucker}, C. and {Weaver}, S.
	},
    title = "{A review of metal mesh filters}",
booktitle = {Society of Photo-Optical Instrumentation Engineers (SPIE) Conference Series},
     year = 2006,
   series = {\procspie},
   volume = 6275,
    month = jun,
      eid = {62750U},
    pages = {62750U},
      doi = {10.1117/12.673162},
   adsurl = {http://adsabs.harvard.edu/abs/2006SPIE.6275E..0UA},
  adsnote = {Provided by the SAO/NASA Astrophysics Data System}
}

@ARTICLE{2003Natur.425..817D,
   author = {{Day}, P.~K. and {LeDuc}, H.~G. and {Mazin}, B.~A. and {Vayonakis}, A. and 
	{Zmuidzinas}, J.},
    title = "{A broadband superconducting detector suitable for use in large arrays}",
  journal = {\nat},
     year = 2003,
    month = oct,
   volume = 425,
    pages = {817-821},
      doi = {10.1038/nature02037},
   adsurl = {http://adsabs.harvard.edu/abs/2003Natur.425..817D},
  adsnote = {Provided by the SAO/NASA Astrophysics Data System}
}

@INPROCEEDINGS{2006SPIE.6275E..1OD,
   author = {{Doyle}, S. and {Naylon}, J. and {Cox}, J. and {Mauskopf}, P. and 
	{Porch}, A.},
    title = "{Kinetic inductance detectors for 200{$\mu$}m astronomy}",
booktitle = {Society of Photo-Optical Instrumentation Engineers (SPIE) Conference Series},
     year = 2006,
   series = {\procspie},
   volume = 6275,
    month = jun,
      eid = {62751O},
    pages = {62751O},
      doi = {10.1117/12.670200},
   adsurl = {http://adsabs.harvard.edu/abs/2006SPIE.6275E..1OD},
  adsnote = {Provided by the SAO/NASA Astrophysics Data System}
}

