@techreport{K13,
	author={Kramer, C. and Penalver, J. and Greve, A.},
	title=" Improvement of the IRAM 30m telescope pattern",
         year = {2013},
        institution = {IRAM},
        url={http://www.iram-institute.org/EN/content-page-161-7-66-161-0-0.html}
}
@ARTICLE{planck_pp,
   author = {{Planck Collaboration} and {Ade}, P.~A.~R. and {Aghanim}, N. and 
	{Arnaud}, M. and {Ashdown}, M. and {Atrio-Barandela}, F. and 
	{Aumont}, J. and {Baccigalupi}, C. and {Balbi}, A. and {Banday}, A.~J. and et al.},
    title = "{Planck intermediate results. V. Pressure profiles of galaxy clusters from the Sunyaev-Zeldovich effect}",
  journal = {\aap},
archivePrefix = "arXiv",
   eprint = {1207.4061},
 primaryClass = "astro-ph.CO",
 keywords = {cosmology: observations, galaxies: clusters: general, galaxies: clusters: intracluster medium, submillimeter: general, X-rays: general},
     year = 2013,
    month = feb,
   volume = 550,
      eid = {A131},
    pages = {A131},
      doi = {10.1051/0004-6361/201220040},
   adsurl = {http://adsabs.harvard.edu/abs/2013A%26A...550A.131P},
  adsnote = {Provided by the SAO/NASA Astrophysics Data System}
}


@ARTICLE{gitti_2007_bis,
   author = {{Gitti}, M. and {Ferrari}, C. and {Domainko}, W. and {Feretti}, L. and
        {Schindler}, S.},
    title = "{Discovery of diffuse radio emission at the center of the most X-ray-luminous cluster RX J1347.5-1145}",
  journal = {\aap},
archivePrefix = "arXiv",
   eprint = {0706.3000},
 keywords = {galaxies: clusters: individual: RX J1347.5-1145, radiation mechanisms: non-thermal, galaxies:, intergalactic medium, galaxies: cooling flows, acceleration of particles, radio continuum: galaxies},
     year = 2007,
    month = aug,
   volume = 470,
    pages = {L25-L28},
      doi = {10.1051/0004-6361:20077658},
   adsurl = {http://adsabs.harvard.edu/abs/2007A%26A...470L..25G},
  adsnote = {Provided by the SAO/NASA Astrophysics Data System}
}


@ARTICLE{gitti_2004,
   author = {{Gitti}, M. and {Schindler}, S.},
    title = "{XMM-Newton observation of the most X-ray-luminous galaxy cluster RX J1347.5-1145}",
  journal = {\aap},
   eprint = {arXiv:astro-ph/0409627},
 keywords = {galaxies: clusters: particular: RX J1347.5-1145, X-ray: galaxies: clusters, cooling flows},
     year = 2004,
    month = nov,
   volume = 427,
    pages = {L9-L12},
      doi = {10.1051/0004-6361:200400086},
   adsurl = {http://adsabs.harvard.edu/abs/2004A%26A...427L...9G},
  adsnote = {Provided by the SAO/NASA Astrophysics Data System}
}


@ARTICLE{gitti_2005,
   author = {{Gitti}, M. and {Schindler}, S.},
    title = "{A first XMM-Newton look at the most X-ray-luminous galaxy cluster RX J1347.5 1145}",
  journal = {Advances in Space Research},
   eprint = {arXiv:astro-ph/0412207},
     year = 2005,
   volume = 36,
    pages = {613-617},
      doi = {10.1016/j.asr.2004.12.002},
   adsurl = {http://adsabs.harvard.edu/abs/2005AdSpR..36..613G},
  adsnote = {Provided by the SAO/NASA Astrophysics Data System}
}


@ARTICLE{nagai_2007,
   author = {{Nagai}, D. and {Kravtsov}, A.~V. and {Vikhlinin}, A.},
    title = "{Effects of Galaxy Formation on Thermodynamics of the Intracluster Medium}",
  journal = {\apj},
   eprint = {arXiv:astro-ph/0703661},
 keywords = {Cosmology: Theory, Galaxies: Clusters: General, Methods: Numerical},
     year = 2007,
    month = oct,
   volume = 668,
    pages = {1-14},
      doi = {10.1086/521328},
   adsurl = {http://adsabs.harvard.edu/abs/2007ApJ...668....1N},
  adsnote = {Provided by the SAO/NASA Astrophysics Data System}
}

@ARTICLE{mroczkowski_2009,
   author = {{Mroczkowski}, T. and {Bonamente}, M. and {Carlstrom}, J.~E. and
        {Culverhouse}, T.~L. and {Greer}, C. and {Hawkins}, D. and {Hennessy}, R. and
        {Joy}, M. and {Lamb}, J.~W. and {Leitch}, E.~M. and {Loh}, M. and
        {Maughan}, B. and {Marrone}, D.~P. and {Miller}, A. and {Muchovej}, S. and
        {Nagai}, D. and {Pryke}, C. and {Sharp}, M. and {Woody}, D.},
    title = "{Application of a Self-Similar Pressure Profile to Sunyaev-Zel'Dovich Effect Data from Galaxy Clusters}",
  journal = {\apj},
archivePrefix = "arXiv",
   eprint = {0809.5077},
 keywords = {cosmology: observations, galaxies: clusters: individual: Abell 1835 Abell 1914 CL J1226.9+3332, X-rays: galaxies: clusters},
     year = 2009,
    month = apr,
   volume = 694,
    pages = {1034-1044},
      doi = {10.1088/0004-637X/694/2/1034},
   adsurl = {http://adsabs.harvard.edu/abs/2009ApJ...694.1034M},
  adsnote = {Provided by the SAO/NASA Astrophysics Data System}
}

@ARTICLE{day_2003,
   author = {{Day}, P.~K. and {LeDuc}, H.~G. and {Mazin}, B.~A. and {Vayonakis}, A. and 
	{Zmuidzinas}, J.},
    title = "{A broadband superconducting detector suitable for use in large arrays}",
  journal = {\nat},
     year = 2003,
    month = oct,
   volume = 425,
    pages = {817-821},
      doi = {10.1038/nature02037},
   adsurl = {http://adsabs.harvard.edu/abs/2003Natur.425..817D},
  adsnote = {Provided by the SAO/NASA Astrophysics Data System}
}

@ARTICLE{roesch_2012,
   author = {{Roesch}, M. and {Benoit}, A. and {Bideaud}, A. and {Boudou}, N. and 
	{Calvo}, M. and {Cruciani}, A. and {Doyle}, S. and {Leduc}, H.~G. and 
	{Monfardini}, A. and {Swenson}, L. and {Leclercq}, S. and {Mauskopf}, P. and 
	{Schuster}, K.~F. and {for the NIKA collaboration}},
    title = "{Development of Lumped Element Kinetic Inductance Detectors for NIKA}",
  journal = {ArXiv e-prints},
archivePrefix = "arXiv",
   eprint = {1212.4585},
 primaryClass = "astro-ph.IM",
 keywords = {Astrophysics - Instrumentation and Methods for Astrophysics},
     year = 2012,
    month = dec,
   adsurl = {http://adsabs.harvard.edu/abs/2012arXiv1212.4585R},
  adsnote = {Provided by the SAO/NASA Astrophysics Data System}
}

@ARTICLE{SunyaevZeldovich1,
 author={{Sunyaev}, R.~A. and {Zel'dovich}, Y.~B.},
 journal = {\apspr}, 
 volume = 4,
 pages={173},
 year= 1972,
 }

@ARTICLE{SunyaevZeldovich2,
 author={{Sunyaev}, R.~A. and {Zel'dovich}, Y.~B.},
 journal = {\araa}, 
 volume = 18,
 pages={537},
 year= 1980,
 }

@ARTICLE{Birkinshaw,
   author = {{Birkinshaw}, M.},
    title = "{The Sunyaev-Zel'dovich effect}",
  journal = {\physrep},
   eprint = {arXiv:astro-ph/9808050},
     year = 1999,
    month = mar,
   volume = 310,
    pages = {97-195},
      doi = {10.1016/S0370-1573(98)00080-5},
   adsurl = {http://adsabs.harvard.edu/abs/1999PhR...310...97B},
  adsnote = {Provided by the SAO/NASA Astrophysics Data System}
}

@ARTICLE{kravtsov_2012,
   author = {{Kravtsov}, A.~V. and {Borgani}, S.},
    title = "{Formation of Galaxy Clusters}",
  journal = {\araa},
archivePrefix = "arXiv",
   eprint = {1205.5556},
 primaryClass = "astro-ph.CO",
     year = 2012,
    month = sep,
   volume = 50,
    pages = {353-409},
      doi = {10.1146/annurev-astro-081811-125502},
   adsurl = {http://adsabs.harvard.edu/abs/2012ARA%26A..50..353K},
  adsnote = {Provided by the SAO/NASA Astrophysics Data System}
}

@ARTICLE{kneib_2011,
   author = {{Kneib}, J.-P. and {Natarajan}, P.},
    title = "{Cluster lenses}",
  journal = {\aapr},
archivePrefix = "arXiv",
   eprint = {1202.0185},
 primaryClass = "astro-ph.CO",
 keywords = {Cosmology: observations, Galaxies: evolution, Galaxies: formation, Gravitational lensing},
     year = 2011,
    month = nov,
   volume = 19,
    pages = {47},
      doi = {10.1007/s00159-011-0047-3},
   adsurl = {http://adsabs.harvard.edu/abs/2011A%26ARv..19...47K},
  adsnote = {Provided by the SAO/NASA Astrophysics Data System}
}

@ARTICLE{bohringer_2010,
   author = {{B{\"o}hringer}, H. and {Werner}, N.},
    title = "{X-ray spectroscopy of galaxy clusters: studying astrophysical processes in the largest celestial laboratories}",
  journal = {\aapr},
 keywords = {X-ray astronomy, Galaxies: clusters of galaxies, Spectroscopy: X-rays},
     year = 2010,
    month = feb,
   volume = 18,
    pages = {127-196},
      doi = {10.1007/s00159-009-0023-3},
   adsurl = {http://adsabs.harvard.edu/abs/2010A%26ARv..18..127B},
  adsnote = {Provided by the SAO/NASA Astrophysics Data System}
}

@ARTICLE{feretti_2012,
   author = {{Feretti}, L. and {Giovannini}, G. and {Govoni}, F. and {Murgia}, M.
	},
    title = "{Clusters of galaxies: observational properties of the diffuse radio emission}",
  journal = {\aapr},
archivePrefix = "arXiv",
   eprint = {1205.1919},
 primaryClass = "astro-ph.CO",
 keywords = {Galaxy groups, clusters, and superclusters, Large scale structure of the Universe, Galaxy clusters, Radio sources, Intracluster matter, Cooling flows, Halos, Relics, Mini-halos, Large-scale magnetic fields},
     year = 2012,
    month = may,
   volume = 20,
    pages = {54},
      doi = {10.1007/s00159-012-0054-z},
   adsurl = {http://adsabs.harvard.edu/abs/2012A%26ARv..20...54F},
  adsnote = {Provided by the SAO/NASA Astrophysics Data System}
}

@ARTICLE{gal_2006,
   author = {{Gal}, R.~R.},
    title = "{Optical Detection of Galaxy Clusters}",
  journal = {ArXiv Astrophysics e-prints},
   eprint = {arXiv:astro-ph/0601195},
 keywords = {Astrophysics},
     year = 2006,
    month = jan,
   adsurl = {http://adsabs.harvard.edu/abs/2006astro.ph..1195G},
  adsnote = {Provided by the SAO/NASA Astrophysics Data System}
}

@ARTICLE{oliver_2012,
   author = {{Oliver}, S.~J. and {Bock}, J. and {Altieri}, B. and {Amblard}, A. and 
	{Arumugam}, V. and {Aussel}, H. and {Babbedge}, T. and {Beelen}, A. and 
	{B{\'e}thermin}, M. and {Blain}, A. and {Boselli}, A. and {Bridge}, C. and 
	{Brisbin}, D. and {Buat}, V. and {Burgarella}, D. and {Castro-Rodr{\'{\i}}guez}, N. and 
	{Cava}, A. and {Chanial}, P. and {Cirasuolo}, M. and {Clements}, D.~L. and 
	{Conley}, A. and {Conversi}, L. and {Cooray}, A. and {Dowell}, C.~D. and 
	{Dubois}, E.~N. and {Dwek}, E. and {Dye}, S. and {Eales}, S. and 
	{Elbaz}, D. and {Farrah}, D. and {Feltre}, A. and {Ferrero}, P. and 
	{Fiolet}, N. and {Fox}, M. and {Franceschini}, A. and {Gear}, W. and 
	{Giovannoli}, E. and {Glenn}, J. and {Gong}, Y. and {Gonz{\'a}lez Solares}, E.~A. and 
	{Griffin}, M. and {Halpern}, M. and {Harwit}, M. and {Hatziminaoglou}, E. and 
	{Heinis}, S. and {Hurley}, P. and {Hwang}, H.~S. and {Hyde}, A. and 
	{Ibar}, E. and {Ilbert}, O. and {Isaak}, K. and {Ivison}, R.~J. and 
	{Lagache}, G. and {Le Floc'h}, E. and {Levenson}, L. and {Faro}, B.~L. and 
	{Lu}, N. and {Madden}, S. and {Maffei}, B. and {Magdis}, G. and 
	{Mainetti}, G. and {Marchetti}, L. and {Marsden}, G. and {Marshall}, J. and 
	{Mortier}, A.~M.~J. and {Nguyen}, H.~T. and {O'Halloran}, B. and 
	{Omont}, A. and {Page}, M.~J. and {Panuzzo}, P. and {Papageorgiou}, A. and 
	{Patel}, H. and {Pearson}, C.~P. and {P{\'e}rez-Fournon}, I. and 
	{Pohlen}, M. and {Rawlings}, J.~I. and {Raymond}, G. and {Rigopoulou}, D. and 
	{Riguccini}, L. and {Rizzo}, D. and {Rodighiero}, G. and {Roseboom}, I.~G. and 
	{Rowan-Robinson}, M. and {S{\'a}nchez Portal}, M. and {Schulz}, B. and 
	{Scott}, D. and {Seymour}, N. and {Shupe}, D.~L. and {Smith}, A.~J. and 
	{Stevens}, J.~A. and {Symeonidis}, M. and {Trichas}, M. and 
	{Tugwell}, K.~E. and {Vaccari}, M. and {Valtchanov}, I. and 
	{Vieira}, J.~D. and {Viero}, M. and {Vigroux}, L. and {Wang}, L. and 
	{Ward}, R. and {Wardlow}, J. and {Wright}, G. and {Xu}, C.~K. and 
	{Zemcov}, M.},
    title = "{The Herschel Multi-tiered Extragalactic Survey: HerMES}",
  journal = {\mnras},
archivePrefix = "arXiv",
   eprint = {1203.2562},
 primaryClass = "astro-ph.CO",
 keywords = {surveys, galaxies: evolution, infrared: galaxies, submillimetre: galaxies },
     year = 2012,
    month = aug,
   volume = 424,
    pages = {1614-1635},
      doi = {10.1111/j.1365-2966.2012.20912.x},
   adsurl = {http://adsabs.harvard.edu/abs/2012MNRAS.424.1614O},
  adsnote = {Provided by the SAO/NASA Astrophysics Data System}
}


@ARTICLE{Carlstrom_et_al_2002,
   author = {{Carlstrom}, J.~E. and {Holder}, G.~P. and {Reese}, E.~D.},
    title = "{Cosmology with the Sunyaev-Zel'dovich Effect}",
  journal = {\araa},
   eprint = {arXiv:astro-ph/0208192},
 keywords = {galaxy clusters, cosmic microwave background, structure formation, surveys},
     year = 2002,
   volume = 40,
    pages = {643-680},
      doi = {10.1146/annurev.astro.40.060401.093803},
   adsurl = {http://adsabs.harvard.edu/abs/2002ARA%26A..40..643C},
  adsnote = {Provided by the SAO/NASA Astrophysics Data System}
}

@ARTICLE{gismo,
   author = {{Staguhn}, J. and {Allen}, C. and {Benford}, D. and {Sharp}, E. and 
	{Ames}, T. and {Arendt}, R. and {Chuss}, D. and {Dwek}, E. and 
	{Kovacs}, A. and {Maher}, S. and {Marx}, C. and {Miller}, T. and 
	{Moseley}, S.~H. and {Navarro}, S. and {Sievers}, A. and {Voellmer}, G. and 
	{Wollack}, E.},
    title = "{GISMO, a 2 mm Bolometer Camera Optimized for the Study of High Redshift Galaxies}",
  journal = {Journal of Low Temperature Physics},
     year = 2008,
    month = may,
   volume = 151,
    pages = {709-714},
      doi = {10.1007/s10909-008-9733-6},
   adsurl = {http://adsabs.harvard.edu/abs/2008JLTP..151..709S},
  adsnote = {Provided by the SAO/NASA Astrophysics Data System}
}

@ARTICLE{SPT,
   author = {{Carlstrom}, J.~E. and {Ade}, P.~A.~R. and {Aird}, K.~A. and 
	{Benson}, B.~A. and {Bleem}, L.~E. and {Busetti}, S. and {Chang}, C.~L. and 
	{Chauvin}, E. and {Cho}, H.-M. and {Crawford}, T.~M. and {Crites}, A.~T. and 
	{Dobbs}, M.~A. and {Halverson}, N.~W. and {Heimsath}, S. and 
	{Holzapfel}, W.~L. and {Hrubes}, J.~D. and {Joy}, M. and {Keisler}, R. and 
	{Lanting}, T.~M. and {Lee}, A.~T. and {Leitch}, E.~M. and {Leong}, J. and 
	{Lu}, W. and {Lueker}, M. and {Luong-van}, D. and {McMahon}, J.~J. and 
	{Mehl}, J. and {Meyer}, S.~S. and {Mohr}, J.~J. and {Montroy}, T.~E. and 
	{Padin}, S. and {Plagge}, T. and {Pryke}, C. and {Ruhl}, J.~E. and 
	{Schaffer}, K.~K. and {Schwan}, D. and {Shirokoff}, E. and {Spieler}, H.~G. and 
	{Staniszewski}, Z. and {Stark}, A.~A. and {Tucker}, C. and {Vanderlinde}, K. and 
	{Vieira}, J.~D. and {Williamson}, R.},
    title = "{The 10 Meter South Pole Telescope}",
  journal = {\pasp},
archivePrefix = "arXiv",
   eprint = {0907.4445},
 primaryClass = "astro-ph.IM",
 keywords = {Astronomical Instrumentation},
     year = 2011,
    month = may,
   volume = 123,
    pages = {568-581},
      doi = {10.1086/659879},
   adsurl = {http://adsabs.harvard.edu/abs/2011PASP..123..568C},
  adsnote = {Provided by the SAO/NASA Astrophysics Data System}
}

@ARTICLE{ACT,
   author = {{Kosowsky}, A.},
    title = "{The Atacama Cosmology Telescope}",
  journal = {\nar},
   eprint = {arXiv:astro-ph/0402234},
     year = 2003,
    month = dec,
   volume = 47,
    pages = {939-943},
      doi = {10.1016/j.newar.2003.09.003},
   adsurl = {http://adsabs.harvard.edu/abs/2003NewAR..47..939K},
  adsnote = {Provided by the SAO/NASA Astrophysics Data System}
}

@ARTICLE{AMI,
   author = {{AMI Consortium} and {Shimwell}, T.~W. and {Barker}, R.~W. and 
	{Biddulph}, P. and {Bly}, D. and {Boysen}, R.~C. and {Brown}, A.~R. and 
	{Brown}, M.~L. and {Clementson}, C. and {Crofts}, M. and {Culverhouse}, T.~L. and 
	{Czeres}, J. and {Dace}, R.~J. and {Davies}, M.~L. and {D'Alessandro}, R. and 
	{Doherty}, P. and {Duggan}, K. and {Ely}, J.~A. and {Felvus}, M. and 
	{Feroz}, F. and {Flynn}, W. and {Franzen}, T.~M.~O. and {Geisb{\"u}sch}, J. and 
	{G{\'e}nova-Santos}, R. and {Grainge}, K.~J.~B. and {Grainger}, W.~F. and 
	{Hammett}, D. and {Hobson}, M.~P. and {Holler}, C.~M. and {Hurley-Walker}, N. and 
	{Jilley}, R. and {Kaneko}, T. and {Kneissl}, R. and {Lancaster}, K. and 
	{Lasenby}, A.~N. and {Marshall}, P.~J. and {Newton}, F. and 
	{Norris}, O. and {Northrop}, I. and {Odell}, D.~M. and {Olamaie}, M. and 
	{Perrott}, Y.~C. and {Pober}, J.~C. and {Pooley}, G.~G. and 
	{Pospieszalski}, M.~W. and {Quy}, V. and {Rodr{\'{\i}}guez-Gonz{\'a}lvez}, C. and 
	{Saunders}, R.~D.~E. and {Scaife}, A.~M.~M. and {Schammel}, M.~P. and 
	{Schofield}, J. and {Scott}, P.~F. and {Shaw}, C. and {Smith}, H. and 
	{Titterington}, D.~J. and {Veli{\'c}}, M. and {Waldram}, E.~M. and 
	{West}, S. and {Wood}, B.~A. and {Yassin}, G. and {Zwart}, J.~T.~L.
	},
    title = "{A blind detection of a large, complex, Sunyaev-Zel'dovich structure}",
  journal = {\mnras},
 keywords = {galaxies: clusters: general, cosmology: observations},
     year = 2012,
    month = jun,
   volume = 423,
    pages = {1463-1473},
      doi = {10.1111/j.1365-2966.2012.20970.x},
   adsurl = {http://adsabs.harvard.edu/abs/2012MNRAS.423.1463A},
  adsnote = {Provided by the SAO/NASA Astrophysics Data System}
}

@ARTICLE{KID_for_CMB,
   author = {{Calvo}, M. and {Giordano}, C. and {Battiston}, R. and {de Bernardis}, P. and {Margesin}, B. and {Masi}, S. and {Monfardini}, A.},
  journal = {Experimental Astronomy},
     year = 2010,
   volume = 28,
    pages = {185-194},
}
	
@ARTICLE{NIKA_2010,
   author = {{Monfardini}, A. and {Swenson}, L.~J. and {Bideaud}, A. and 
	{D{\'e}sert}, F.~X. and {Yates}, S.~J.~C. and {Benoit}, A. and 
	{Baryshev}, A.~M. and {Baselmans}, J.~J.~A. and {Doyle}, S. and 
	{Klein}, B. and {Roesch}, M. and {Tucker}, C. and {Ade}, P. and 
	{Calvo}, M. and {Camus}, P. and {Giordano}, C. and {Guesten}, R. and 
	{Hoffmann}, C. and {Leclercq}, S. and {Mauskopf}, P. and {Schuster}, K.~F.},
    title = "{NIKA: A millimeter-wave kinetic inductance camera}",
  journal = {\aap},
archivePrefix = "arXiv",
   eprint = {1004.2209},
 primaryClass = "astro-ph.IM",
 keywords = {instrumentation: detectors, submillimeter: general},
     year = 2010,
    month = oct,
   volume = 521,
      eid = {A29},
    pages = {A29},
      doi = {10.1051/0004-6361/201014727},
   adsurl = {http://adsabs.harvard.edu/abs/2010A%26A...521A..29M},
  adsnote = {Provided by the SAO/NASA Astrophysics Data System}
}

@ARTICLE{NIKA_2011,
   author = {{Monfardini}, A. and {Benoit}, A. and {Bideaud}, A. and {Swenson}, L.~J. and 
	{Cruciani}, A. and {Camus}, P. and {Hoffmann}, C. and {D{\'e}sert}, F.~X. and 
	{Doyle}, S. and {Ade}, P. and {Mauskopf}, P. and {Tucker}, C. and 
	{Roesch}, M. and {Leclercq}, S. and {Schuster}, K.~F. and {Endo}, A. and 
	{Baryshev}, A. and {Baselmans}, J.~J.~A. and {Ferrari}, L. and 
	{Yates}, S.~J.~C. and {Bourrion}, O. and {Macias-Perez}, J. and 
	{Vescovi}, C. and {Calvo}, M. and {Giordano}, C.},
    title = "{A Dual-band Millimeter-wave Kinetic Inductance Camera for the IRAM 30 m Telescope}",
  journal = {\apjs},
archivePrefix = "arXiv",
   eprint = {1102.0870},
 primaryClass = "astro-ph.IM",
 keywords = {instrumentation: detectors, radio continuum: galaxies, radio continuum: general, submillimeter: galaxies, submillimeter: general, techniques: miscellaneous},
     year = 2011,
    month = jun,
   volume = 194,
      eid = {24},
    pages = {24},
      doi = {10.1088/0067-0049/194/2/24},
   adsurl = {http://adsabs.harvard.edu/abs/2011ApJS..194...24M},
  adsnote = {Provided by the SAO/NASA Astrophysics Data System}
}


@ARTICLE{schindler_1995,
   author = {{Schindler}, S. and {Guzzo}, L. and {Ebeling}, H. and {Boehringer}, H. and 
	{Chincarini}, G. and {Collins}, C.~A. and {de Grandi}, S. and 
	{Neumann}, D.~M. and {Briel}, U.~G. and {Shaver}, P. and {Vettolani}, G.
	},
    title = "{Discovery of an arc system in the brightest ROSAT cluster of galaxies.}",
  journal = {\aap},
   eprint = {arXiv:astro-ph/9505097},
 keywords = {GALAXIES: CLUSTERS: INDIVIDUAL: RXJ1347.5-1145, DARK MATTER, GRAVITATIONAL LENSING, X-RAYS: GALAXIES},
     year = 1995,
    month = jul,
   volume = 299,
    pages = {L9},
   adsurl = {http://adsabs.harvard.edu/abs/1995A%26A...299L...9S},
  adsnote = {Provided by the SAO/NASA Astrophysics Data System}
}

@ARTICLE{schindler_1997,
   author = {{Schindler}, S. and {Hattori}, M. and {Neumann}, D.~M. and {Boehringer}, H.
	},
    title = "{ROSAT/HRI and ASCA observations of the most luminous X-ray cluster RX J1347.5-1145}",
  journal = {\aap},
   eprint = {arXiv:astro-ph/9603037},
 keywords = {GALAXIES: CLUSTERS: INDIVIDUAL: RX J1347.5-1145 , INTER GALACTIC MEDIUM, DARK MATTER, X-RAYS: GALAXIES, COOLING FLOWS, COSMOLOGY: OBSERVATIONS},
     year = 1997,
    month = feb,
   volume = 317,
    pages = {646-655},
   adsurl = {http://adsabs.harvard.edu/abs/1997A%26A...317..646S},
  adsnote = {Provided by the SAO/NASA Astrophysics Data System}
}

@ARTICLE{pointecouteau_1999,
   author = {{Pointecouteau}, E. and {Giard}, M. and {Benoit}, A. and {D{\'e}sert}, F.~X. and 
	{Aghanim}, N. and {Coron}, N. and {Lamarre}, J.~M. and {Delabrouille}, J.
	},
    title = "{A Sunyaev-Zeldovich Map of the Massive Core in the Luminous X-Ray Cluster RX J1347-1145}",
  journal = {\apjl},
 keywords = {COSMOLOGY: COSMIC MICROWAVE BACKGROUND, COSMOLOGY: OBSERVATIONS, GALAXIES: CLUSTERS: INDIVIDUAL: ALPHANUMERIC: RX J1347-1145, GALAXIES: INTERGALACTIC MEDIUM},
     year = 1999,
    month = jul,
   volume = 519,
    pages = {L115-L118},
      doi = {10.1086/312117},
   adsurl = {http://adsabs.harvard.edu/abs/1999ApJ...519L.115P},
  adsnote = {Provided by the SAO/NASA Astrophysics Data System}
}

@ARTICLE{pointecouteau_2001,
   author = {{Pointecouteau}, E. and {Giard}, M. and {Benoit}, A. and {D{\'e}sert}, F.~X. and 
	{Bernard}, J.~P. and {Coron}, N. and {Lamarre}, J.~M.},
    title = "{Extended Sunyaev-Zeldovich Map of the Most Luminous X-Ray Cluster, RX J1347-1145}",
  journal = {\apj},
   eprint = {arXiv:astro-ph/0012309},
 keywords = {Cosmology: Cosmic Microwave Background, Cosmology: Observations, Galaxies: Clusters: Individual: Alphanumeric: RX J1347-1145, Galaxies: Intergalactic Medium},
     year = 2001,
    month = may,
   volume = 552,
    pages = {42-48},
      doi = {10.1086/320447},
   adsurl = {http://adsabs.harvard.edu/abs/2001ApJ...552...42P},
  adsnote = {Provided by the SAO/NASA Astrophysics Data System}
}

@ARTICLE{komatsu_2001,
   author = {{Komatsu}, E. and {Matsuo}, H. and {Kitayama}, T. and {Hattori}, M. and 
	{Kawabe}, R. and {Kohno}, K. and {Kuno}, N. and {Schindler}, S. and 
	{Suto}, Y. and {Yoshikawa}, K.},
    title = "{Substructures Revealed by the Sunyaev-Zel'dovich Effect at 150 GHz in a High-Resolution Map of RX J1347-1145}",
  journal = {\pasj},
   eprint = {arXiv:astro-ph/0006293},
 keywords = {COSMIC MICROWAVE BACKGROUND, COSMOLOGY: OBSERVATIONS, DISTANCE SCALE, GALAXIES: CLUSTERS: INDIVIDUAL (RX J1347-1145), X-RAYS: GALAXIES},
     year = 2001,
    month = feb,
   volume = 53,
    pages = {57-62},
   adsurl = {http://adsabs.harvard.edu/abs/2001PASJ...53...57K},
  adsnote = {Provided by the SAO/NASA Astrophysics Data System}
}

@ARTICLE{cohen_kneib_2002,
   author = {{Cohen}, J.~G. and {Kneib}, J.-P.},
    title = "{Losing Weight: A Keck Spectroscopic Survey of the Massive Cluster of Galaxies RX J1347-1145}",
  journal = {\apj},
   eprint = {arXiv:astro-ph/0111294},
 keywords = {Galaxies: Clusters: General, Galaxies: Clusters: Individual: Alphanumeric: RX J1347-1145, Galaxies: Fundamental Parameters, Galaxies: Intergalactic Medium},
     year = 2002,
    month = jul,
   volume = 573,
    pages = {524-532},
      doi = {10.1086/340658},
   adsurl = {http://adsabs.harvard.edu/abs/2002ApJ...573..524C},
  adsnote = {Provided by the SAO/NASA Astrophysics Data System}
}

@ARTICLE{allen_2002,
   author = {{Allen}, S.~W. and {Schmidt}, R.~W. and {Fabian}, A.~C.},
    title = "{Chandra observations of RX J1347.5-1145: the distribution of mass in the most X-ray-luminous galaxy cluster known}",
  journal = {\mnras},
   eprint = {arXiv:astro-ph/0111368},
 keywords = {gravitational lensing, galaxies: clusters: individual: RX J1347.5-1145, cooling flows, intergalactic medium, X-rays: galaxies},
     year = 2002,
    month = sep,
   volume = 335,
    pages = {256-266},
      doi = {10.1046/j.1365-8711.2002.05554.x},
   adsurl = {http://adsabs.harvard.edu/abs/2002MNRAS.335..256A},
  adsnote = {Provided by the SAO/NASA Astrophysics Data System}
}

@ARTICLE{kitayama_2004,
   author = {{Kitayama}, T. and {Komatsu}, E. and {Ota}, N. and {Kuwabara}, T. and 
	{Suto}, Y. and {Yoshikawa}, K. and {Hattori}, M. and {Matsuo}, H.
	},
    title = "{Exploring Cluster Physics with High-Resolution Sunyaev--Zel'dovich Effect Images and X-Ray Data: The Case of the Most X-Ray-Luminous Galaxy Cluster RX J1347-1145}",
  journal = {\pasj},
   eprint = {arXiv:astro-ph/0311574},
 keywords = {cosmology: observations, galaxies: clusters: individual (RX J1347-1145), radio continuum: galaxies, submillimeter, X-rays: galaxies: clusters},
     year = 2004,
    month = feb,
   volume = 56,
    pages = {17-28},
   adsurl = {http://adsabs.harvard.edu/abs/2004PASJ...56...17K},
  adsnote = {Provided by the SAO/NASA Astrophysics Data System}
}

@ARTICLE{gitti_2007,
   author = {{Gitti}, M. and {Piffaretti}, R. and {Schindler}, S.},
    title = "{Mass distribution in the most X-ray-luminous galaxy cluster RX J1347.5-1145 studied with XMM-Newton}",
  journal = {\aap},
archivePrefix = "arXiv",
   eprint = {0706.3001},
 keywords = {galaxies: clusters: individual: RX J1347.5-1145, X-rays: galaxies: clusters, galaxies: intergalactic medium, galaxies: cooling flows, cosmology: dark matter, cosmology: observations},
     year = 2007,
    month = sep,
   volume = 472,
    pages = {383-394},
      doi = {10.1051/0004-6361:20077580},
   adsurl = {http://adsabs.harvard.edu/abs/2007A%26A...472..383G},
  adsnote = {Provided by the SAO/NASA Astrophysics Data System}
}

@ARTICLE{ota_2008,
   author = {{Ota}, N. and {Murase}, K. and {Kitayama}, T. and {Komatsu}, E. and 
	{Hattori}, M. and {Matsuo}, H. and {Oshima}, T. and {Suto}, Y. and 
	{Yoshikawa}, K.},
    title = "{Suzaku broad-band spectroscopy of RX J1347.5-1145: constraints on the extremely hot gas and non-thermal emission}",
  journal = {\aap},
archivePrefix = "arXiv",
   eprint = {0805.0500},
 keywords = {galaxies: clusters: individual: RX J1347.5-1145, galaxies: intergalactic medium, X-rays: galaxies: clusters, cosmology: observations},
     year = 2008,
    month = nov,
   volume = 491,
    pages = {363-377},
      doi = {10.1051/0004-6361:200810122},
   adsurl = {http://adsabs.harvard.edu/abs/2008A%26A...491..363O},
  adsnote = {Provided by the SAO/NASA Astrophysics Data System}
}

@ARTICLE{bradac_2008,
   author = {{Brada{\v c}}, M. and {Schrabback}, T. and {Erben}, T. and {McCourt}, M. and 
	{Million}, E. and {Mantz}, A. and {Allen}, S. and {Blandford}, R. and 
	{Halkola}, A. and {Hildebrandt}, H. and {Lombardi}, M. and {Marshall}, P. and 
	{Schneider}, P. and {Treu}, T. and {Kneib}, J.-P.},
    title = "{Dark Matter and Baryons in the X-Ray Luminous Merging Galaxy Cluster RX J1347.5-1145}",
  journal = {\apj},
archivePrefix = "arXiv",
   eprint = {0711.4850},
 keywords = {Cosmology: Dark Matter, galaxies: clusters: individual (RX J1347.5-1145), Cosmology: Gravitational Lensing},
     year = 2008,
    month = jul,
   volume = 681,
    pages = {187-196},
      doi = {10.1086/588377},
   adsurl = {http://adsabs.harvard.edu/abs/2008ApJ...681..187B},
  adsnote = {Provided by the SAO/NASA Astrophysics Data System}
}

@ARTICLE{miranda_2008,
   author = {{Miranda}, M. and {Sereno}, M. and {de Filippis}, E. and {Paolillo}, M.
	},
    title = "{The dynamical state of RX J1347.5-1145 from a combined strong lensing and X-ray analysis}",
  journal = {\mnras},
archivePrefix = "arXiv",
   eprint = {0801.1429},
 keywords = {gravitational lensing , galaxies: clusters: general , galaxies: clusters: individual: RX J1347.5-1145 , X-rays: galaxies: clusters},
     year = 2008,
    month = mar,
   volume = 385,
    pages = {511-518},
      doi = {10.1111/j.1365-2966.2008.12855.x},
   adsurl = {http://adsabs.harvard.edu/abs/2008MNRAS.385..511M},
  adsnote = {Provided by the SAO/NASA Astrophysics Data System}
}

@ARTICLE{mason_2010,
   author = {{Mason}, B.~S. and {Dicker}, S.~R. and {Korngut}, P.~M. and 
	{Devlin}, M.~J. and {Cotton}, W.~D. and {Koch}, P.~M. and {Molnar}, S.~M. and 
	{Sievers}, J. and {Aguirre}, J.~E. and {Benford}, D. and {Staguhn}, J.~G. and 
	{Moseley}, H. and {Irwin}, K.~D. and {Ade}, P.},
    title = "{Implications of a High Angular Resolution Image of the Sunyaev-Zel'Dovich Effect in RXJ1347-1145}",
  journal = {\apj},
 keywords = {cosmic background radiation, cosmology: observations, galaxies: clusters: individual: RXJ1347{\ndash}1145},
     year = 2010,
    month = jun,
   volume = 716,
    pages = {739-745},
      doi = {10.1088/0004-637X/716/1/739},
   adsurl = {http://adsabs.harvard.edu/abs/2010ApJ...716..739M},
  adsnote = {Provided by the SAO/NASA Astrophysics Data System}
}

@ARTICLE{korngut_2011,
   author = {{Korngut}, P.~M. and {Dicker}, S.~R. and {Reese}, E.~D. and 
	{Mason}, B.~S. and {Devlin}, M.~J. and {Mroczkowski}, T. and 
	{Sarazin}, C.~L. and {Sun}, M. and {Sievers}, J.},
    title = "{MUSTANG High Angular Resolution Sunyaev-Zel'dovich Effect Imaging of Substructure in Four Galaxy Clusters}",
  journal = {\apj},
archivePrefix = "arXiv",
   eprint = {1010.5494},
 primaryClass = "astro-ph.CO",
 keywords = {cosmic background radiation, galaxies: clusters: individual: RXJ1347{\ndash}1145 CL1226+3332 A1835 MACS0744.8+3927},
     year = 2011,
    month = jun,
   volume = 734,
      eid = {10},
    pages = {10},
      doi = {10.1088/0004-637X/734/1/10},
   adsurl = {http://adsabs.harvard.edu/abs/2011ApJ...734...10K},
  adsnote = {Provided by the SAO/NASA Astrophysics Data System}
}

@ARTICLE{johnson_2012,
   author = {{Johnson}, R.~E. and {Zuhone}, J. and {Jones}, C. and {Forman}, W.~R. and 
	{Markevitch}, M.},
    title = "{Sloshing Gas in the Core of the Most Luminous Galaxy Cluster RXJ1347.5-1145}",
  journal = {\apj},
archivePrefix = "arXiv",
   eprint = {1106.3489},
 primaryClass = "astro-ph.CO",
 keywords = {galaxies: clusters: general, galaxies: interactions, X-rays: galaxies: clusters},
     year = 2012,
    month = jun,
   volume = 751,
      eid = {95},
    pages = {95},
      doi = {10.1088/0004-637X/751/2/95},
   adsurl = {http://adsabs.harvard.edu/abs/2012ApJ...751...95J},
  adsnote = {Provided by the SAO/NASA Astrophysics Data System}
}

@ARTICLE{verdugo_2012,
   author = {{Verdugo}, M. and {Lerchster}, M. and {B{\"o}hringer}, H. and 
	{Hildebrandt}, H. and {Ziegler}, B.~L. and {Erben}, T. and {Finoguenov}, A. and 
	{Chon}, G.},
    title = "{The Cosmic Web and galaxy evolution around the most luminous X-ray cluster: RX J1347.5-1145}",
  journal = {\mnras},
archivePrefix = "arXiv",
   eprint = {1111.0644},
 primaryClass = "astro-ph.CO",
 keywords = {galaxies: clusters: general, galaxies: clusters: individual: RX J1347.5-1145, galaxies: evolution},
     year = 2012,
    month = apr,
   volume = 421,
    pages = {1949-1968},
      doi = {10.1111/j.1365-2966.2012.20396.x},
   adsurl = {http://adsabs.harvard.edu/abs/2012MNRAS.421.1949V},
  adsnote = {Provided by the SAO/NASA Astrophysics Data System}
}

@ARTICLE{plagge_2012,
   author = {{Plagge}, T.~J. and {Marrone}, D.~P. and {Abdulla}, Z. and {Bonamente}, M. and 
	{Carlstrom}, J.~E. and {Gralla}, M. and {Greer}, C.~H. and {Joy}, M. and 
	{Lamb}, J.~W. and {Leitch}, E.~M. and {Mantz}, A. and {Muchovej}, S. and 
	{Woody}, D.},
    title = "{CARMA Measurements of the Sunyaev-Zel'dovich Effect in RX J1347.5-1145}",
  journal = {\apj},
archivePrefix = "arXiv",
   eprint = {1203.2175},
 primaryClass = "astro-ph.CO",
 keywords = {galaxies: clusters: general},
     year = 2013,
    month = jun,
   volume = 770,
      eid = {112},
    pages = {112},
      doi = {10.1088/0004-637X/770/2/112},
   adsurl = {http://adsabs.harvard.edu/abs/2013ApJ...770..112P},
  adsnote = {Provided by the SAO/NASA Astrophysics Data System}
}


@ARTICLE{ebeling_2001,
   author = {{Ebeling}, H. and {Edge}, A.~C. and {Henry}, J.~P.},
    title = "{MACS: A Quest for the Most Massive Galaxy Clusters in the Universe}",
  journal = {\apj},
   eprint = {arXiv:astro-ph/0009101},
 keywords = {Cosmology: Observations, Galaxies: Clusters: General, Surveys, X-Rays: General},
     year = 2001,
    month = jun,
   volume = 553,
    pages = {668-676},
      doi = {10.1086/320958},
   adsurl = {http://adsabs.harvard.edu/abs/2001ApJ...553..668E},
  adsnote = {Provided by the SAO/NASA Astrophysics Data System}
}

@ARTICLE{edge_2003,
   author = {{Edge}, A.~C. and {Ebeling}, H. and {Bremer}, M. and {R{\"o}ttgering}, H. and 
	{van Haarlem}, M.~P. and {Rengelink}, R. and {Courtney}, N.~J.~D.
	},
    title = "{The discovery of two distant, massive clusters of galaxies in the ROSAT All-Sky Survey}",
  journal = {\mnras},
 keywords = {galaxies: clusters: individual: MACS J0717.5+3745, galaxies: clusters: individual: MACS J1621.3+3810, cooling flows, radio continuum: galaxies},
     year = 2003,
    month = mar,
   volume = 339,
    pages = {913-924},
      doi = {10.1046/j.1365-8711.2003.06270.x},
   adsurl = {http://adsabs.harvard.edu/abs/2003MNRAS.339..913E},
  adsnote = {Provided by the SAO/NASA Astrophysics Data System}
}

@ARTICLE{ebeling_2004,
   author = {{Ebeling}, H. and {Barrett}, E. and {Donovan}, D.},
    title = "{Discovery of a Large-Scale Filament Connected to the Massive Galaxy Cluster MACS J0717.5+3745 at z=0.551,}",
  journal = {\apjl},
   eprint = {arXiv:astro-ph/0406049},
 keywords = {Galaxies: Clusters: Individual: Alphanumeric: MACS J0717+3745, Cosmology: Large-Scale Structure of Universe},
     year = 2004,
    month = jul,
   volume = 609,
    pages = {L49-L52},
      doi = {10.1086/422750},
   adsurl = {http://adsabs.harvard.edu/abs/2004ApJ...609L..49E},
  adsnote = {Provided by the SAO/NASA Astrophysics Data System}
}

@ARTICLE{ebeling_2007,
   author = {{Ebeling}, H. and {Barrett}, E. and {Donovan}, D. and {Ma}, C.-J. and 
	{Edge}, A.~C. and {van Speybroeck}, L.},
    title = "{A Complete Sample of 12 Very X-Ray Luminous Galaxy Clusters at z {\gt} 0.5}",
  journal = {\apjl},
   eprint = {arXiv:astro-ph/0703394},
 keywords = {Cosmology: Observations, Galaxies: Clusters: General, X-Rays: General},
     year = 2007,
    month = may,
   volume = 661,
    pages = {L33-L36},
      doi = {10.1086/518603},
   adsurl = {http://adsabs.harvard.edu/abs/2007ApJ...661L..33E},
  adsnote = {Provided by the SAO/NASA Astrophysics Data System}
}

@ARTICLE{ma_2008,
   author = {{Ma}, C.-J. and {Ebeling}, H. and {Donovan}, D. and {Barrett}, E.
	},
    title = "{The Spatial Distribution of Galaxies of Different Spectral Types in the Massive Intermediate-Redshift Cluster MACS J0717.5+3745}",
  journal = {\apj},
archivePrefix = "arXiv",
   eprint = {0805.2238},
 keywords = {galaxies: clusters: individual (MACS J0717.5+3745), Galaxies: Elliptical and Lenticular, cD, Galaxies: Evolution, Galaxies: Starburst, Cosmology: Large-Scale Structure of Universe, Techniques: Spectroscopic},
     year = 2008,
    month = sep,
   volume = 684,
    pages = {160-176},
      doi = {10.1086/589991},
   adsurl = {http://adsabs.harvard.edu/abs/2008ApJ...684..160M},
  adsnote = {Provided by the SAO/NASA Astrophysics Data System}
}

@ARTICLE{ma_2009,
   author = {{Ma}, C.-J. and {Ebeling}, H. and {Barrett}, E.},
    title = "{An X-Ray/Optical Study of the Complex Dynamics of the Core of the Massive Intermediate-Redshift Cluster MACSJ0717.5+3745}",
  journal = {\apjl},
archivePrefix = "arXiv",
   eprint = {0901.4783},
 primaryClass = "astro-ph.CO",
 keywords = {galaxies: clusters: individual: MACSJ0717.5+3745, X-rays: galaxies: clusters},
     year = 2009,
    month = mar,
   volume = 693,
    pages = {L56-L60},
      doi = {10.1088/0004-637X/693/2/L56},
   adsurl = {http://adsabs.harvard.edu/abs/2009ApJ...693L..56M},
  adsnote = {Provided by the SAO/NASA Astrophysics Data System}
}

@ARTICLE{van_weeren_2009,
   author = {{van Weeren}, R.~J. and {R{\"o}ttgering}, H.~J.~A. and {Br{\"u}ggen}, M. and 
	{Cohen}, A.},
    title = "{Diffuse radio emission in the merging cluster MACS J0717.5+3745: the discovery of the most powerful radio halo}",
  journal = {\aap},
archivePrefix = "arXiv",
   eprint = {0905.3650},
 primaryClass = "astro-ph.CO",
 keywords = {radio continuum: galaxies, galaxies: clusters: individual: <ASTROBJ>MACS J0717.5+3745</ASTROBJ>, cosmology: large-scale structure of Universe},
     year = 2009,
    month = oct,
   volume = 505,
    pages = {991-997},
      doi = {10.1051/0004-6361/200912528},
   adsurl = {http://adsabs.harvard.edu/abs/2009A%26A...505..991V},
  adsnote = {Provided by the SAO/NASA Astrophysics Data System}
}

@ARTICLE{bonafede_2009,
   author = {{Bonafede}, A. and {Feretti}, L. and {Giovannini}, G. and {Govoni}, F. and 
	{Murgia}, M. and {Taylor}, G.~B. and {Ebeling}, H. and {Allen}, S. and 
	{Gentile}, G. and {Pihlstr{\"o}m}, Y.},
    title = "{Revealing the magnetic field in a distant galaxy cluster: discovery of the complex radio emission from MACS J0717.5 +3745}",
  journal = {\aap},
archivePrefix = "arXiv",
   eprint = {0905.3552},
 primaryClass = "astro-ph.CO",
 keywords = {galaxies: clusters: general, galaxies: clusters: individual: MACS J0717+3745, radiation, mechanisms: non-thermal, polarization, magnetic fields},
     year = 2009,
    month = sep,
   volume = 503,
    pages = {707-720},
      doi = {10.1051/0004-6361/200912520},
   adsurl = {http://adsabs.harvard.edu/abs/2009A%26A...503..707B},
  adsnote = {Provided by the SAO/NASA Astrophysics Data System}
}

@ARTICLE{zitrin_2009,
   author = {{Zitrin}, A. and {Broadhurst}, T. and {Rephaeli}, Y. and {Sadeh}, S.
	},
    title = "{The Largest Gravitational Lens: MACS J0717.5+3745 (z = 0.546)}",
  journal = {\apjl},
archivePrefix = "arXiv",
   eprint = {0907.4232},
 primaryClass = "astro-ph.CO",
 keywords = {dark matter, galaxies: clusters: individual: MACS J0717.5+3745, gravitational lensing},
     year = 2009,
    month = dec,
   volume = 707,
    pages = {L102-L106},
      doi = {10.1088/0004-637X/707/1/L102},
   adsurl = {http://adsabs.harvard.edu/abs/2009ApJ...707L.102Z},
  adsnote = {Provided by the SAO/NASA Astrophysics Data System}
}

@ARTICLE{ma_2011,
   author = {{Ma}, C.-J. and {Ebeling}, H.},
    title = "{The morphology-density relation of galaxies around MACS J0717.5+3745}",
  journal = {\mnras},
archivePrefix = "arXiv",
   eprint = {1009.1163},
 primaryClass = "astro-ph.CO",
 keywords = {Galaxy: evolution, galaxies: clusters: individual: MACS J0717.5+3745, galaxies: elliptical and lenticular, cD},
     year = 2011,
    month = feb,
   volume = 410,
    pages = {2593-2601},
      doi = {10.1111/j.1365-2966.2010.17633.x},
   adsurl = {http://adsabs.harvard.edu/abs/2011MNRAS.410.2593M},
  adsnote = {Provided by the SAO/NASA Astrophysics Data System}
}

@ARTICLE{limousin_2012,
   author = {{Limousin}, M. and {Ebeling}, H. and {Richard}, J. and {Swinbank}, A.~M. and 
	{Smith}, G.~P. and {Jauzac}, M. and {Rodionov}, S. and {Ma}, C.-J. and 
	{Smail}, I. and {Edge}, A.~C. and {Jullo}, E. and {Kneib}, J.-P.
	},
    title = "{Strong lensing by a node of the cosmic web. The core of MACS J0717.5+3745 at z = 0.55}",
  journal = {\aap},
archivePrefix = "arXiv",
   eprint = {1109.3301},
 primaryClass = "astro-ph.CO",
 keywords = {gravitational lensing: strong, galaxies: clusters: individual: MACS J0717.5+3745, large-scale structure of Universe, dark matter},
     year = 2012,
    month = aug,
   volume = 544,
      eid = {A71},
    pages = {A71},
      doi = {10.1051/0004-6361/201117921},
   adsurl = {http://adsabs.harvard.edu/abs/2012A%26A...544A..71L},
  adsnote = {Provided by the SAO/NASA Astrophysics Data System}
}

@ARTICLE{mroczkowski_2012,
   author = {{Mroczkowski}, T. and {Dicker}, S. and {Sayers}, J. and {Reese}, E.~D. and 
	{Mason}, B. and {Czakon}, N. and {Romero}, C. and {Young}, A. and 
	{Devlin}, M. and {Golwala}, S. and {Korngut}, P. and {Sarazin}, C. and 
	{Bock}, J. and {Koch}, P.~M. and {Lin}, K.-Y. and {Molnar}, S.~M. and 
	{Pierpaoli}, E. and {Umetsu}, K. and {Zemcov}, M.},
    title = "{A Multi-wavelength Study of the Sunyaev-Zel'dovich Effect in the Triple-merger Cluster MACS J0717.5+3745 with MUSTANG and Bolocam}",
  journal = {\apj},
archivePrefix = "arXiv",
   eprint = {1205.0052},
 primaryClass = "astro-ph.CO",
 keywords = {cosmic background radiation, cosmology: observations, X-rays: galaxies: clusters, X-rays: general},
     year = 2012,
    month = dec,
   volume = 761,
      eid = {47},
    pages = {47},
      doi = {10.1088/0004-637X/761/1/47},
   adsurl = {http://adsabs.harvard.edu/abs/2012ApJ...761...47M},
  adsnote = {Provided by the SAO/NASA Astrophysics Data System}
}

@ARTICLE{waizmann_2012,
   author = {{Waizmann}, J.-C. and {Redlich}, M. and {Bartelmann}, M.},
    title = "{The strongest gravitational lenses. II. Is the large Einstein radius of MACS J0717.5+3745 in conflict with {$\Lambda$}CDM?}",
  journal = {\aap},
archivePrefix = "arXiv",
   eprint = {1207.0801},
 primaryClass = "astro-ph.CO",
 keywords = {gravitational lensing: strong, methods: statistical, galaxies: clusters: general, cosmology: miscellaneous, galaxies: clusters: individual: MACS J0717.5+3745},
     year = 2012,
    month = nov,
   volume = 547,
      eid = {A67},
    pages = {A67},
      doi = {10.1051/0004-6361/201219944},
   adsurl = {http://adsabs.harvard.edu/abs/2012A%26A...547A..67W},
  adsnote = {Provided by the SAO/NASA Astrophysics Data System}
}

@ARTICLE{clarke_ensslin_2006,
   author = {{Clarke}, T.~E. and {Ensslin}, T.},
    title = "{Mergers, relics and magnetic fields: The complex case of A2256}",
  journal = {Astronomische Nachrichten},
 keywords = {galaxies: clusters: individual (A2256), radio continuum: general, magnetic fields, polarization, turbulence},
     year = 2006,
    month = jun,
   volume = 327,
    pages = {553},
      doi = {10.1002/asna.200610586},
   adsurl = {http://adsabs.harvard.edu/abs/2006AN....327..553C},
  adsnote = {Provided by the SAO/NASA Astrophysics Data System}
}

@ARTICLE{grabovskij_2008,
   author = {{Grabovskij}, G.~J. and {Swenson}, L.~J. and {Buisson}, O. and {Hoffmann}, C. and {Monfardini}, A. and {Vill\'egier}, J.~C.},
    title = "{In-situ measurement of the permittivity of helium using microwave NbN resonators}",
  journal = {Appl. Phys. Lett.},
archivePrefix = "arXiv",
   eprint = {0809.4919},
     year = 2008,
   volume = 93,
    pages = {134102},
}

@ARTICLE{doyle_2008,
   author = {{Doyle}, S. and {Mauskopf}, P. and {Naylon}, J.},
  journal = {J. Low Temp. Phys.},
     year = 2008,
   volume = 151,
    pages = {530},
}

@ARTICLE{swenson_2010,
   author = {{Swenson}, L.~J. and {Cruciani}, A. and {Benoit}, A. and {Roesch}, M. and {Yung}, C.~S. and {Bideaud}, A. and {Monfardini}, A. and {Doyle}, S. and {Mauskopf}, P. and {Naylon}, J.},
    title = "{High-speed phonon imaging using frequency-multiplexed kinetic inductance detectors}",
  journal = {Appl. Phys. Lett.},
     year = 2010,
   volume = 96,
    pages = {263511},
}

@ARTICLE{RFdIdQ,
   author = {{Calvo}, M. and {Roesch}, M. and {D{\'e}sert}, F.~X. and {Benoit}, A. and {Monfardini}, A. and {Ade}, P. and {Boudou}, N. and {Bourrion}, O. and {Camus}, P. and {Cruciani}, A. and {Doyle}, S. and {Hoffmann}, C. and {Leclercq}, S. and {Macias-Perez}, J. and {Mauskopf}, P. and {Ponthieu}, N. and {Schuster}, K.~F. and {Tucker}, C. and {Vescovi}, C.},
    title = "{Improved mm-wave photometry for Kinetic Inductance Detectors}",
  journal = {\aap},
     year = 2012,
}

@ARTICLE{NIKEL,
      author = {{Bourrion}, O. and {Bideaud}, A. and {Benoit}, A. and {Cruciani}, A. and {Macias-Perez}, J.~F. and {Monfardini}, A. and {Roesch}, M. and {Swenson}, L.~J. and {Vescovi}, C.},
      title          = "{Electronics and data acquisition demonstrator for a kinetic inductance camera}",
      journal        = {JINST},
      volume         = 6,
      pages          = {P06012},
      doi            = {10.1088/1748-0221/6/06/P06012},
      year           = 2011,
      eprint         = {1102.1314},
      archivePrefix  = "arXiv",
      primaryClass   = "astro-ph.IM",
}

@ARTICLE{gNFW,
   author = {{Nagai}, D. and {Vikhlinin}, A. and {Kravtsov}, A.~V.},
    title = "{Testing X-Ray Measurements of Galaxy Clusters with Cosmological Simulations}",
  journal = {\apj},
   eprint = {arXiv:astro-ph/0609247},
 keywords = {Cosmology: Theory, Galaxies: Formation, Methods: Numerical},
     year = 2007,
    month = jan,
   volume = 655,
    pages = {98-108},
      doi = {10.1086/509868},
   adsurl = {http://adsabs.harvard.edu/abs/2007ApJ...655...98N},
  adsnote = {Provided by the SAO/NASA Astrophysics Data System}
}

@ARTICLE{arnaud_2010,
   author = {{Arnaud}, M. and {Pratt}, G.~W. and {Piffaretti}, R. and {B{\"o}hringer}, H. and 
	{Croston}, J.~H. and {Pointecouteau}, E.},
    title = "{The universal galaxy cluster pressure profile from a representative sample of nearby systems (REXCESS) and the Y$_{SZ}$ - M$_{500}$ relation}",
  journal = {\aap},
archivePrefix = "arXiv",
   eprint = {0910.1234},
 primaryClass = "astro-ph.CO",
 keywords = {cosmology: observations, dark matter, galaxies: clusters: general, intergalactic, medium, X-rays: galaxies: clusters},
     year = 2010,
    month = jul,
   volume = 517,
      eid = {A92},
    pages = {A92},
      doi = {10.1051/0004-6361/200913416},
   adsurl = {http://adsabs.harvard.edu/abs/2010A%26A...517A..92A},
  adsnote = {Provided by the SAO/NASA Astrophysics Data System}
}

@ARTICLE{Planck_survey,
   author = {{Planck Collaboration} and {Ade}, P.~A.~R. and {Aghanim}, N. and 
	{Armitage-Caplan}, C. and {Arnaud}, M. and {Ashdown}, M. and 
	{Atrio-Barandela}, F. and {Aumont}, J. and {Aussel}, H. and 
	{Baccigalupi}, C. and et al.},
    title = "{Planck 2013 results. XXIX. Planck catalogue of Sunyaev-Zeldovich sources}",
  journal = {ArXiv e-prints},
archivePrefix = "arXiv",
   eprint = {1303.5089},
 primaryClass = "astro-ph.CO",
 keywords = {Astrophysics - Cosmology and Extragalactic Astrophysics},
     year = 2013,
    month = mar,
   adsurl = {http://adsabs.harvard.edu/abs/2013arXiv1303.5089P},
  adsnote = {Provided by the SAO/NASA Astrophysics Data System}
}

@ARTICLE{Planck_fit,
   author = {{Planck Collaboration} and {Ade}, P.~A.~R. and {Aghanim}, N. and 
	{Arnaud}, M. and {Ashdown}, M. and {Atrio-Barandela}, F. and 
	{Aumont}, J. and {Baccigalupi}, C. and {Balbi}, A. and {Banday}, A.~J. and et al.},
    title = "{Planck Intermediate Results. V. Pressure profiles of galaxy clussweters from the Sunyaev-Zeldovich effect}",
  journal = {ArXiv e-prints},
archivePrefix = "arXiv",
   eprint = {1207.4061},
 primaryClass = "astro-ph.CO",
 keywords = {Astrophysics - Cosmology and Extragalactic Astrophysics},
     year = 2012,
    month = jul,
   adsurl = {http://adsabs.harvard.edu/abs/2012arXiv1207.4061P},
  adsnote = {Provided by the SAO/NASA Astrophysics Data System}
}

@ARTICLE{sayers_2011,
   author = {{Sayers}, J. and {Golwala}, S.~R. and {Ameglio}, S. and {Pierpaoli}, E.
	},
    title = "{Cluster Morphologies and Model-independent Y $_{SZ}$ Estimates from Bolocam Sunyaev-Zel'dovich Images}",
  journal = {\apj},
archivePrefix = "arXiv",
   eprint = {1010.1798},
 primaryClass = "astro-ph.CO",
 keywords = {cosmology: observations, galaxies: clusters: individual: A697 A1835 MS 0015.9+1609 MS 0451.6{\ndash}0305 MS 1054.4, methods: data analysis},
     year = 2011,
    month = feb,
   volume = 728,
      eid = {39},
    pages = {39},
      doi = {10.1088/0004-637X/728/1/39},
   adsurl = {http://adsabs.harvard.edu/abs/2011ApJ...728...39S},
  adsnote = {Provided by the SAO/NASA Astrophysics Data System}
}

@ARTICLE{Barbara,
   author = {{Comis}, B. and {de Petris}, M. and {Conte}, A. and {Lamagna}, L. and 
	{de Gregori}, S.},
    title = "{X-ray calibration of Sunyaev-Zel'dovich scaling relations with the ACCEPT catalogue of galaxy clusters observed by Chandra}",
  journal = {\mnras},
archivePrefix = "arXiv",
   eprint = {1108.1029},
 primaryClass = "astro-ph.CO",
 keywords = {galaxies: clusters: intracluster medium, large-scale structure of Universe, X-rays: galaxies: clusters},
     year = 2011,
    month = dec,
   volume = 418,
    pages = {1089-1101},
      doi = {10.1111/j.1365-2966.2011.19562.x},
   adsurl = {http://adsabs.harvard.edu/abs/2011MNRAS.418.1089C},
  adsnote = {Provided by the SAO/NASA Astrophysics Data System}
}

@ARTICLE{PLANCK_param_cosmo,
   author = {{Planck Collaboration} and {Ade}, P.~A.~R. and {Aghanim}, N. and 
	{Armitage-Caplan}, C. and {Arnaud}, M. and {Ashdown}, M. and 
	{Atrio-Barandela}, F. and {Aumont}, J. and {Baccigalupi}, C. and 
	{Banday}, A.~J. and et al.},
    title = "{Planck 2013 results. XVI. Cosmological parameters}",
  journal = {ArXiv e-prints},
archivePrefix = "arXiv",
   eprint = {1303.5076},
 primaryClass = "astro-ph.CO",
 keywords = {Astrophysics - Cosmology and Extragalactic Astrophysics},
     year = 2013,
    month = mar,
   adsurl = {http://adsabs.harvard.edu/abs/2013arXiv1303.5076P},
  adsnote = {Provided by the SAO/NASA Astrophysics Data System}
}

@ARTICLE{PLANCK_mission,
   author = {{Planck Collaboration} and {Ade}, P.~A.~R. and {Aghanim}, N. and 
	{Armitage-Caplan}, C. and {Arnaud}, M. and {Ashdown}, M. and 
	{Atrio-Barandela}, F. and {Aumont}, J. and {Baccigalupi}, C. and 
	{Banday}, A.~J. and et al.},
    title = "{Planck 2013 results. I. Overview of products and scientific results}",
  journal = {ArXiv e-prints},
archivePrefix = "arXiv",
   eprint = {1303.5062},
 primaryClass = "astro-ph.CO",
 keywords = {Astrophysics - Cosmology and Extragalactic Astrophysics},
     year = 2013,
    month = mar,
   adsurl = {http://adsabs.harvard.edu/abs/2013arXiv1303.5062P},
  adsnote = {Provided by the SAO/NASA Astrophysics Data System}
}

@ARTICLE{Basu,
   author = {{Basu}, K. and {Zhang}, Y.-Y. and {Sommer}, M.~W. and {Bender}, A.~N. and 
	{Bertoldi}, F. and {Dobbs}, M. and {Eckmiller}, H. and {Halverson}, N.~W. and 
	{Holzapfel}, W.~L. and {Horellou}, C. and {Jaritz}, V. and {Johansson}, D. and 
	{Johnson}, B. and {Kennedy}, J. and {Kneissl}, R. and {Lanting}, T. and 
	{Lee}, A.~T. and {Mehl}, J. and {Menten}, K.~M. and {Navarrete}, F.~P. and 
	{Pacaud}, F. and {Reichardt}, C.~L. and {Reiprich}, T.~H. and 
	{Richards}, P.~L. and {Schwan}, D. and {Westbrook}, B.},
    title = "{Non-parametric modeling of the intra-cluster gas using APEX-SZ bolometer imaging data}",
  journal = {\aap},
archivePrefix = "arXiv",
   eprint = {0911.3905},
 primaryClass = "astro-ph.CO",
 keywords = {galaxies: clusters: individual: Abell 2204, cosmology: observations, cosmic microwave background, intergalactic medium, X-rays: galaxies: clusters},
     year = 2010,
    month = sep,
   volume = 519,
      eid = {A29},
    pages = {A29},
      doi = {10.1051/0004-6361/200913334},
   adsurl = {http://adsabs.harvard.edu/abs/2010A%26A...519A..29B},
  adsnote = {Provided by the SAO/NASA Astrophysics Data System}
}

@INPROCEEDINGS{Pardo,
   author = {{Pardo}, J. and {Cernicharo}, J. and {Serabyn}, E.},
    title = "{Modeling the atmospheric longwave spectrum: State of the art in the horizon of ALMA}",
booktitle = {Astronomical Site Evaluation in the Visible and Radio Range},
     year = 2002,
   series = {Astronomical Society of the Pacific Conference Series},
   volume = 266,
   editor = {{Vernin}, J. and {Benkhaldoun}, Z. and {Mu{\~n}oz-Tu{\~n}{\'o}n}, C.
	},
    pages = {188},
   adsurl = {http://adsabs.harvard.edu/abs/2002ASPC..266..188P},
  adsnote = {Provided by the SAO/NASA Astrophysics Data System}
}

@ARTICLE{main_run5,
   author = {{Catalano}, A. and {Calvo}, M. and {Ponthieu}, N. and {Adam}, R. and 
	{Adane}, A. and {Ade}, P. and {Andre}, P. and {Beelen}, A. and 
	{Belier}, B. and {Benoit}, A. and {Bideaud}, A. and {Billot}, N. and 
	{Boudou}, N. and {Bourrion}, O. and {Coiffard}, G. and {Comis}, B. and 
	{D'Addabbo}, A. and {Desert}, F.-X. and {Doyle}, S. and {Goupy}, J. and 
	{Kramer}, C. and {Leclercq}, S. and {Macias-Perez}, J.~F. and 
	{Martino}, J. and {Mauskopf}, P. and {Mayet}, F. and {Monfardini}, A. and 
	{Pajot}, F. and {Pascale}, E. and {Perotto}, L. and {Reveret}, V. and 
	{Rodriguez}, L. and {Savini}, G. and {Schuster}, K. and {Sievers}, A. and 
	{Tucker}, C. and {Zylka}, R.},
    title = "{Performance and calibration of the NIKA camera at the IRAM 30 m telescope}",
  journal = {ArXiv e-prints},
archivePrefix = "arXiv",
   eprint = {1402.0260},
 primaryClass = "astro-ph.IM",
 keywords = {Astrophysics - Instrumentation and Methods for Astrophysics},
     year = 2014,
    month = feb,
   adsurl = {http://adsabs.harvard.edu/abs/2014arXiv1402.0260C},
  adsnote = {Provided by the SAO/NASA Astrophysics Data System}
}

@ARTICLE{Cavagnolo2009,
   author = {{Cavagnolo}, K.~W. and {Donahue}, M. and {Voit}, G.~M. and {Sun}, M.
	},
    title = "{Intracluster Medium Entropy Profiles for a Chandra Archival Sample of Galaxy Clusters}",
  journal = {\apjs},
archivePrefix = "arXiv",
   eprint = {0902.1802},
 primaryClass = "astro-ph.CO",
 keywords = {astronomical data bases: miscellaneous, cooling flows, X-rays: galaxies: clusters, X-rays: general},
     year = 2009,
    month = may,
   volume = 182,
    pages = {12-32},
      doi = {10.1088/0067-0049/182/1/12},
   adsurl = {http://cdsads.u-strasbg.fr/abs/2009ApJS..182...12C},
  adsnote = {Provided by the SAO/NASA Astrophysics Data System}
}

@ARTICLE{idcs,
   author = {{Brodwin}, M. and {Gonzalez}, A.~H. and {Stanford}, S.~A. and 
	{Plagge}, T. and {Marrone}, D.~P. and {Carlstrom}, J.~E. and 
	{Dey}, A. and {Eisenhardt}, P.~R. and {Fedeli}, C. and {Gettings}, D. and 
	{Jannuzi}, B.~T. and {Joy}, M. and {Leitch}, E.~M. and {Mancone}, C. and 
	{Snyder}, G.~F. and {Stern}, D. and {Zeimann}, G.},
    title = "{IDCS J1426.5+3508: Sunyaev-Zel'dovich Measurement of a Massive Infrared-selected Cluster at z = 1.75}",
  journal = {\apj},
archivePrefix = "arXiv",
   eprint = {1205.3787},
 primaryClass = "astro-ph.CO",
 keywords = {cosmic background radiation, cosmology: observations, galaxies: clusters: individual: IDCS J1426.5+3508, galaxies: clusters: intracluster medium, galaxies: evolution},
     year = 2012,
    month = jul,
   volume = 753,
      eid = {162},
    pages = {162},
      doi = {10.1088/0004-637X/753/2/162},
   adsurl = {http://adsabs.harvard.edu/abs/2012ApJ...753..162B},
  adsnote = {Provided by the SAO/NASA Astrophysics Data System}
}

@ARTICLE{itoh_1998,
   author = {{Itoh}, N. and {Kohyama}, Y. and {Nozawa}, S.},
    title = "{Relativistic Corrections to the Sunyaev-Zeldovich Effect for Clusters of Galaxies}",
  journal = {\apj},
   eprint = {arXiv:astro-ph/9712289},
 keywords = {COSMOLOGY: COSMIC MICROWAVE BACKGROUND, COSMOLOGY: THEORY, COSMOLOGY: DISTANCE SCALE, GALAXIES: CLUSTERS: GENERAL, RADIATION MECHANISMS: NONTHERMAL, RELATIVITY},
     year = 1998,
    month = jul,
   volume = 502,
    pages = {7},
      doi = {10.1086/305876},
   adsurl = {http://adsabs.harvard.edu/abs/1998ApJ...502....7I},
  adsnote = {Provided by the SAO/NASA Astrophysics Data System}
}

@ARTICLE{XMM,
   author = {{Jansen}, F. and {Lumb}, D. and {Altieri}, B. and {Clavel}, J. and 
	{Ehle}, M. and {Erd}, C. and {Gabriel}, C. and {Guainazzi}, M. and 
	{Gondoin}, P. and {Much}, R. and {Munoz}, R. and {Santos}, M. and 
	{Schartel}, N. and {Texier}, D. and {Vacanti}, G.},
    title = "{XMM-Newton observatory. I. The spacecraft and operations}",
  journal = {\aap},
 keywords = {INSTRUMENTS, X-RAY ASTRONOMY},
     year = 2001,
    month = jan,
   volume = 365,
    pages = {L1-L6},
      doi = {10.1051/0004-6361:20000036},
   adsurl = {http://adsabs.harvard.edu/abs/2001A%26A...365L...1J},
  adsnote = {Provided by the SAO/NASA Astrophysics Data System}
}


@ARTICLE{planck_calib,
   author = {{Planck Collaboration} and {Ade}, P.~A.~R. and {Aghanim}, N. and 
	{Armitage-Caplan}, C. and {Arnaud}, M. and {Ashdown}, M. and 
	{Atrio-Barandela}, F. and {Aumont}, J. and {Baccigalupi}, C. and 
	{Banday}, A.~J. and et al.},
    title = "{Planck 2013 results. VIII. HFI photometric calibration and mapmaking}",
  journal = {ArXiv e-prints},
archivePrefix = "arXiv",
   eprint = {1303.5069},
 primaryClass = "astro-ph.CO",
 keywords = {Astrophysics - Cosmology and Extragalactic Astrophysics, Astrophysics - Instrumentation and Methods for Astrophysics},
     year = 2013,
    month = mar,
   adsurl = {http://adsabs.harvard.edu/abs/2013arXiv1303.5069P},
  adsnote = {Provided by the SAO/NASA Astrophysics Data System}
}


@ARTICLE{iram_beam_pattern,
   author = {{Greve}, A. and {Kramer}, C. and {Wild}, W.},
    title = "{The beam pattern of the IRAM 30-m telescope. (a reflector with several surface error distributions)}",
  journal = {\aaps},
 keywords = {TELESCOPES},
     year = 1998,
    month = dec,
   volume = 133,
    pages = {271-284},
      doi = {10.1051/aas:1998454},
   adsurl = {http://adsabs.harvard.edu/abs/1998A%26AS..133..271G},
  adsnote = {Provided by the SAO/NASA Astrophysics Data System}
}

@ARTICLE{MCXC,
   author = {{Piffaretti}, R. and {Arnaud}, M. and {Pratt}, G.~W. and {Pointecouteau}, E. and 
	{Melin}, J.-B.},
    title = "{The MCXC: a meta-catalogue of x-ray detected clusters of galaxies}",
  journal = {\aap},
archivePrefix = "arXiv",
   eprint = {1007.1916},
 primaryClass = "astro-ph.CO",
 keywords = {X-rays: galaxies: clusters, cosmology: observations, large-scale structure of Universe, galaxies: clusters: general, catalogs},
     year = 2011,
    month = oct,
   volume = 534,
      eid = {A109},
    pages = {A109},
      doi = {10.1051/0004-6361/201015377},
   adsurl = {http://cdsads.u-strasbg.fr/abs/2011A%26A...534A.109P},
  adsnote = {Provided by the SAO/NASA Astrophysics Data System}
}

@Article{GelmanRubin1992,
 author = "A. Gelman and D. B. Rubin",
 title = "Inference from iterative simulation using multiple sequences",
 journal = "Statistical Science",
 volume = "7",
 pages = "457-511",
 year = "1992"
 }

@article{Greenbert95,
  author = {Chib, Siddhartha and Greenberg, Edward},
  journal = {The American Statistician},
  keywords = {bayes kalmanfilter mcmc metropolishastings statistics uncertainty},
  month = Nov,
  number = 4,
  pages = {327-335},
  timestamp = {2008-08-19T15:04:38.000+0200},
  title = {Understanding the Metropolis-Hastings Algorithm},
  url = {http://www.jstor.org/stable/2684568},
  volume = 49,
  year = 1995
}

@article{moreno2010,
  author = {{Moreno}, R.},
  journal = {Neptune and Uranus planetary brightness temperature
tabulation. Tech. rep., ESA Herschel Science Center, available from
ftp://ftp.sciops.esa.int/pub/hsc-calibration/PlanetaryModels/ESA2},
  year = 2010
}


@ARTICLE{zemcov2007,
   author = {{Zemcov}, M. and {Borys}, C. and {Halpern}, M. and {Mauskopf}, P. and 
	{Scott}, D.},
    title = "{A study of the Sunyaev-Zel'dovich increment using archival SCUBA data}",
  journal = {\mnras},
   eprint = {astro-ph/0612708},
 keywords = {galaxies: clusters: general , cosmic microwave background , cosmology: observations , submillimetre},
     year = 2007,
    month = apr,
   volume = 376,
    pages = {1073-1098},
      doi = {10.1111/j.1365-2966.2007.11443.x},
   adsurl = {http://adsabs.harvard.edu/abs/2007MNRAS.376.1073Z},
  adsnote = {Provided by the SAO/NASA Astrophysics Data System}
}

@ARTICLE{nozawa1998,
   author = {{Nozawa}, S. and {Itoh}, N. and {Kohyama}, Y.},
    title = "{Relativistic Corrections to the Sunyaev-Zeldovich Effect for Clusters of Galaxies. II. Inclusion of Peculiar Velocities}",
  journal = {\apj},
   eprint = {astro-ph/9804051},
 keywords = {COSMOLOGY: THEORY, GALAXIES: CLUSTERS: GENERAL, RADIATION MECHANISMS: NONTHERMAL, RELATIVITY},
     year = 1998,
    month = nov,
   volume = 508,
    pages = {17-24},
      doi = {10.1086/306401},
   adsurl = {http://adsabs.harvard.edu/abs/1998ApJ...508...17N},
  adsnote = {Provided by the SAO/NASA Astrophysics Data System}
}

@ARTICLE{nozawa2006,
   author = {{Nozawa}, S. and {Itoh}, N. and {Suda}, Y. and {Ohhata}, Y.},
    title = "{An improved formula for the relativistic corrections to the kinematical Sunyaev-Zeldovich effect for clusters of galaxies}",
  journal = {Nuovo Cimento B Serie},
   eprint = {astro-ph/0507466},
     year = 2006,
    month = may,
   volume = 121,
    pages = {487-500},
      doi = {10.1393/ncb/i2005-10223-0},
   adsurl = {http://adsabs.harvard.edu/abs/2006NCimB.121..487N},
  adsnote = {Provided by the SAO/NASA Astrophysics Data System}
}

@ARTICLE{komatsu1999,
   author = {{Komatsu}, E. and {Kitayama}, T. and {Suto}, Y. and {Hattori}, M. and 
	{Kawabe}, R. and {Matsuo}, H. and {Schindler}, S. and {Yoshikawa}, K.
	},
    title = "{Submillimeter Detection of the Sunyaev-Zeldovich Effect toward the Most Luminous X-Ray Cluster at Z = 0.45}",
  journal = {\apjl},
   eprint = {astro-ph/9902351},
 keywords = {COSMOLOGY: COSMIC MICROWAVE BACKGROUND, COSMOLOGY: OBSERVATIONS, COSMOLOGY: DISTANCE SCALE, GALAXIES: CLUSTERS: INDIVIDUAL: ALPHANUMERIC: RX J1347.5-1145, X-RAYS: GALAXIES},
     year = 1999,
    month = may,
   volume = 516,
    pages = {L1-L4},
      doi = {10.1086/311983},
   adsurl = {http://adsabs.harvard.edu/abs/1999ApJ...516L...1K},
  adsnote = {Provided by the SAO/NASA Astrophysics Data System}
}

@ARTICLE{zemcov2012,
   author = {{Zemcov}, M. and {Aguirre}, J. and {Bock}, J. and {Bradford}, C.~M. and 
	{Czakon}, N. and {Glenn}, J. and {Golwala}, S.~R. and {Lupu}, R. and 
	{Maloney}, P. and {Mauskopf}, P. and {Million}, E. and {Murphy}, E.~J. and 
	{Naylor}, B. and {Nguyen}, H. and {Rosenman}, M. and {Sayers}, J. and 
	{Scott}, K.~S. and {Zmuidzinas}, J.},
    title = "{High Spectral Resolution Measurement of the Sunyaev-Zel'dovich Effect Null with Z-Spec}",
  journal = {\apj},
archivePrefix = "arXiv",
   eprint = {1202.0029},
 primaryClass = "astro-ph.CO",
 keywords = {cosmic background radiation, galaxies: clusters: individual: RX J1347.5-1145, galaxies: clusters: intracluster medium, submillimeter: galaxies},
     year = 2012,
    month = apr,
   volume = 749,
      eid = {114},
    pages = {114},
      doi = {10.1088/0004-637X/749/2/114},
   adsurl = {http://adsabs.harvard.edu/abs/2012ApJ...749..114Z},
  adsnote = {Provided by the SAO/NASA Astrophysics Data System}
}

@ARTICLE{voges1999,
   author = {{Voges}, W. and {Aschenbach}, B. and {Boller}, T. and {Br{\"a}uninger}, H. and 
	{Briel}, U. and {Burkert}, W. and {Dennerl}, K. and {Englhauser}, J. and 
	{Gruber}, R. and {Haberl}, F. and {Hartner}, G. and {Hasinger}, G. and 
	{K{\"u}rster}, M. and {Pfeffermann}, E. and {Pietsch}, W. and 
	{Predehl}, P. and {Rosso}, C. and {Schmitt}, J.~H.~M.~M. and 
	{Tr{\"u}mper}, J. and {Zimmermann}, H.~U.},
    title = "{The ROSAT all-sky survey bright source catalogue}",
  journal = {\aap},
   eprint = {astro-ph/9909315},
 keywords = {CATALOGS, SURVEYS, X-RAYS: GENERAL},
     year = 1999,
    month = sep,
   volume = 349,
    pages = {389-405},
   adsurl = {http://adsabs.harvard.edu/abs/1999A%26A...349..389V},
  adsnote = {Provided by the SAO/NASA Astrophysics Data System}
}

@ARTICLE{sayers2013,
   author = {{Sayers}, J. and {Mroczkowski}, T. and {Zemcov}, M. and {Korngut}, P.~M. and 
	{Bock}, J. and {Bulbul}, E. and {Czakon}, N.~G. and {Egami}, E. and 
	{Golwala}, S.~R. and {Koch}, P.~M. and {Lin}, K.-Y. and {Mantz}, A. and 
	{Molnar}, S.~M. and {Moustakas}, L. and {Pierpaoli}, E. and 
	{Rawle}, T.~D. and {Reese}, E.~D. and {Rex}, M. and {Shitanishi}, J.~A. and 
	{Siegel}, S. and {Umetsu}, K.},
    title = "{A Measurement of the Kinetic Sunyaev-Zel'dovich Signal Toward MACS J0717.5+3745}",
  journal = {\apj},
archivePrefix = "arXiv",
   eprint = {1312.3680},
 primaryClass = "astro-ph.CO",
 keywords = {galaxies: clusters: individual: MACS J0717.5+3745, galaxies: clusters: intracluster medium },
     year = 2013,
    month = nov,
   volume = 778,
      eid = {52},
    pages = {52},
      doi = {10.1088/0004-637X/778/1/52},
   adsurl = {http://adsabs.harvard.edu/abs/2013ApJ...778...52S},
  adsnote = {Provided by the SAO/NASA Astrophysics Data System}
}
