%---------- Review on cluster cosmology
@ARTICLE{Allen2011,
   author = {{Allen}, S.~W. and {Evrard}, A.~E. and {Mantz}, A.~B.},
    title = "{Cosmological Parameters from Observations of Galaxy Clusters}",
  journal = {\araa},
archivePrefix = "arXiv",
   eprint = {1103.4829},
 primaryClass = "astro-ph.CO",
     year = 2011,
    month = sep,
   volume = 49,
    pages = {409-470},
      doi = {10.1146/annurev-astro-081710-102514},
   adsurl = {http://adsabs.harvard.edu/abs/2011ARA%26A..49..409A},
  adsnote = {Provided by the SAO/NASA Astrophysics Data System}
}

%---------- Formation of cluster review
@ARTICLE{Kravtsov2012,
   author = {{Kravtsov}, A.~V. and {Borgani}, S.},
    title = "{Formation of Galaxy Clusters}",
  journal = {\araa},
archivePrefix = "arXiv",
   eprint = {1205.5556},
     year = 2012,
    month = sep,
   volume = 50,
    pages = {353-409},
      doi = {10.1146/annurev-astro-081811-125502},
   adsurl = {http://adsabs.harvard.edu/abs/2012ARA%26A..50..353K},
  adsnote = {Provided by the SAO/NASA Astrophysics Data System}
}

%---------- Feedback
@ARTICLE{Fabian2012,
   author = {{Fabian}, A.~C.},
    title = "{Observational Evidence of Active Galactic Nuclei Feedback}",
  journal = {\araa},
archivePrefix = "arXiv",
   eprint = {1204.4114},
     year = 2012,
    month = sep,
   volume = 50,
    pages = {455-489},
      doi = {10.1146/annurev-astro-081811-125521},
   adsurl = {http://adsabs.harvard.edu/abs/2012ARA%26A..50..455F},
  adsnote = {Provided by the SAO/NASA Astrophysics Data System}
}

%---------- Shocks and cold front
@ARTICLE{Markevitch2007,
   author = {{Markevitch}, M. and {Vikhlinin}, A.},
    title = "{Shocks and cold fronts in galaxy clusters}",
  journal = {\physrep},
   eprint = {astro-ph/0701821},
     year = 2007,
    month = may,
   volume = 443,
    pages = {1-53},
      doi = {10.1016/j.physrep.2007.01.001},
   adsurl = {http://adsabs.harvard.edu/abs/2007PhR...443....1M},
  adsnote = {Provided by the SAO/NASA Astrophysics Data System}
}

%---------- SZ reference
@ARTICLE{Sunyaev1972,
 author={{Sunyaev}, R.~A. and {Zel'dovich}, Y.~B.},
 journal = {\apspr}, 
 volume = 4,
 pages={173},
 year= 1972,
 }
 
 %---------- Filter with Planck
@ARTICLE{Bourdin2015,
   author = {{Bourdin}, H. and {Mazzotta}, P. and {Rasia}, E.},
    title = "{Spectral Imaging of Galaxy Clusters with Planck}",
  journal = {\apj},
archivePrefix = "arXiv",
   eprint = {1601.06323},
 keywords = {galaxies: clusters: general, galaxies: clusters: intracluster medium, shock waves},
     year = 2015,
    month = dec,
   volume = 815,
      eid = {92},
    pages = {92},
      doi = {10.1088/0004-637X/815/2/92},
   adsurl = {http://adsabs.harvard.edu/abs/2015ApJ...815...92B},
  adsnote = {Provided by the SAO/NASA Astrophysics Data System}
}

%---------- Planck paper pressure profile
@ARTICLE{Planck2013V,
   author = {{Planck Collaboration} and {Ade}, P.~A.~R. and {Aghanim}, N. and 
	{Arnaud}, M. and {Ashdown}, M. and {Atrio-Barandela}, F. and 
	{Aumont}, J. and {Baccigalupi}, C. and {Balbi}, A. and {Banday}, A.~J. and et al.},
    title = "{Planck intermediate results. V. Pressure profiles of galaxy clusters from the Sunyaev-Zeldovich effect}",
  journal = {\aap},
archivePrefix = "arXiv",
   eprint = {1207.4061},
 keywords = {cosmology: observations, galaxies: clusters: general, galaxies: clusters: intracluster medium, submillimeter: general, X-rays: general},
     year = 2013,
    month = feb,
   volume = 550,
      eid = {A131},
    pages = {A131},
      doi = {10.1051/0004-6361/201220040},
   adsurl = {http://adsabs.harvard.edu/abs/2013A%26A...550A.131P},
  adsnote = {Provided by the SAO/NASA Astrophysics Data System}
}

@ARTICLE{Planck2014XX,
   author = {{Planck Collaboration} and {Ade}, P.~A.~R. and {Aghanim}, N. and 
	{Armitage-Caplan}, C. and {Arnaud}, M. and {Ashdown}, M. and 
	{Atrio-Barandela}, F. and {Aumont}, J. and {Baccigalupi}, C. and 
	{Banday}, A.~J. and et al.},
    title = "{Planck 2013 results. XX. Cosmology from Sunyaev-Zeldovich cluster counts}",
  journal = {\aap},
archivePrefix = "arXiv",
   eprint = {1303.5080},
 keywords = {cosmological parameters, large-scale structure of Universe, galaxies: clusters: general},
     year = 2014,
    month = nov,
   volume = 571,
      eid = {A20},
    pages = {A20},
      doi = {10.1051/0004-6361/201321521},
   adsurl = {http://adsabs.harvard.edu/abs/2014A%26A...571A..20P},
  adsnote = {Provided by the SAO/NASA Astrophysics Data System}
}

@ARTICLE{Planck2015XXIV,
   author = {{Planck Collaboration} and {Ade}, P.~A.~R. and {Aghanim}, N. and 
	{Arnaud}, M. and {Ashdown}, M. and {Aumont}, J. and {Baccigalupi}, C. and 
	{Banday}, A.~J. and {Barreiro}, R.~B. and {Bartlett}, J.~G. and et al.},
    title = "{Planck 2015 results. XXIV. Cosmology from Sunyaev-Zeldovich cluster counts}",
  journal = {\aap},
archivePrefix = "arXiv",
   eprint = {1502.01597},
 keywords = {cosmological parameters, large-scale structure of Universe},
     year = 2016,
    month = sep,
   volume = 594,
      eid = {A24},
    pages = {A24},
      doi = {10.1051/0004-6361/201525833},
   adsurl = {http://adsabs.harvard.edu/abs/2016A%26A...594A..24P},
  adsnote = {Provided by the SAO/NASA Astrophysics Data System}
}

@ARTICLE{Planck2016XXII,
   author = {{Planck Collaboration} and {Aghanim}, N. and {Arnaud}, M. and 
	{Ashdown}, M. and {Aumont}, J. and {Baccigalupi}, C. and {Banday}, A.~J. and 
	{Barreiro}, R.~B. and {Bartlett}, J.~G. and {Bartolo}, N. and et al.},
    title = "{Planck 2015 results. XXII. A map of the thermal Sunyaev-Zeldovich effect}",
  journal = {\aap},
archivePrefix = "arXiv",
   eprint = {1502.01596},
 keywords = {large-scale structure of Universe, cosmology: observations},
     year = 2016,
    month = sep,
   volume = 594,
      eid = {A22},
    pages = {A22},
      doi = {10.1051/0004-6361/201525826},
   adsurl = {http://adsabs.harvard.edu/abs/2016A%26A...594A..22P},
  adsnote = {Provided by the SAO/NASA Astrophysics Data System}
}

%---------- NIKA paper
@ARTICLE{Monfardini2011,
   author = {{Monfardini}, A. and {Benoit}, A. and {Bideaud}, A. and {Swenson}, L. and 
	{Cruciani}, A. and {Camus}, P. and {Hoffmann}, C. and {D{\'e}sert}, F.~X. and 
	{Doyle}, S. and {Ade}, P. and {Mauskopf}, P. and {Tucker}, C. and 
	{Roesch}, M. and {Leclercq}, S. and {Schuster}, K.~F. and {Endo}, A. and 
	{Baryshev}, A. and {Baselmans}, J.~J.~A. and {Ferrari}, L. and 
	{Yates}, S.~J.~C. and {Bourrion}, O. and {Macias-Perez}, J. and 
	{Vescovi}, C. and {Calvo}, M. and {Giordano}, C.},
    title = "{A Dual-band Millimeter-wave Kinetic Inductance Camera for the IRAM 30 m Telescope}",
  journal = {\apjs},
archivePrefix = "arXiv",
   eprint = {1102.0870},
 primaryClass = "astro-ph.IM",
 keywords = {instrumentation: detectors, radio continuum: galaxies, radio continuum: general, submillimeter: galaxies, submillimeter: general, techniques: miscellaneous},
     year = 2011,
    month = jun,
   volume = 194,
      eid = {24},
    pages = {24},
      doi = {10.1088/0067-0049/194/2/24},
   adsurl = {http://adsabs.harvard.edu/abs/2011ApJS..194...24M},
  adsnote = {Provided by the SAO/NASA Astrophysics Data System}
}

%---------- NIKA performances
@ARTICLE{Catalano2014,
   author = {{Catalano}, A. and {Calvo}, M. and {Ponthieu}, N. and {Adam}, R. and 
	{Adane}, A. and {Ade}, P. and {Andr{\'e}}, P. and {Beelen}, A. and 
	{Belier}, B. and {Beno{\^i}t}, A. and {Bideaud}, A. and {Billot}, N. and 
	{Boudou}, N. and {Bourrion}, O. and {Coiffard}, G. and {Comis}, B. and 
	{D'Addabbo}, A. and {D{\'e}sert}, F.-X. and {Doyle}, S. and 
	{Goupy}, J. and {Kramer}, C. and {Leclercq}, S. and {Mac{\'{\i}}as-P{\'e}rez}, J.~F. and 
	{Martino}, J. and {Mauskopf}, P. and {Mayet}, F. and {Monfardini}, A. and 
	{Pajot}, F. and {Pascale}, E. and {Perotto}, L. and {Rev{\'e}ret}, V. and 
	{Rodriguez}, L. and {Savini}, G. and {Schuster}, K. and {Sievers}, A. and 
	{Tucker}, C. and {Zylka}, R.},
    title = "{Performance and calibration of the NIKA camera at the IRAM 30 m telescope}",
  journal = {\aap},
archivePrefix = "arXiv",
   eprint = {1402.0260},
 primaryClass = "astro-ph.IM",
 keywords = {methods: observational, submillimeter: general, submillimeter: galaxies, submillimeter: ISM},
     year = 2014,
    month = sep,
   volume = 569,
      eid = {A9},
    pages = {A9},
      doi = {10.1051/0004-6361/201423557},
   adsurl = {http://adsabs.harvard.edu/abs/2014A%26A...569A...9C},
  adsnote = {Provided by the SAO/NASA Astrophysics Data System}
}

%---------- Rhapsody simulations
@ARTICLE{Wu2013,
   author = {{Wu}, H.-Y. and {Hahn}, O. and {Wechsler}, R.~H. and {Mao}, Y.-Y. and 
	{Behroozi}, P.~S.},
    title = "{Rhapsody. I. Structural Properties and Formation History from a Statistical Sample of Re-simulated Cluster-size Halos}",
  journal = {\apj},
archivePrefix = "arXiv",
   eprint = {1209.3309},
 primaryClass = "astro-ph.CO",
 keywords = {cosmology: theory, dark matter, galaxies: clusters: general, galaxies: halos, methods: numerical},
     year = 2013,
    month = feb,
   volume = 763,
      eid = {70},
    pages = {70},
      doi = {10.1088/0004-637X/763/2/70},
   adsurl = {http://adsabs.harvard.edu/abs/2013ApJ...763...70W},
  adsnote = {Provided by the SAO/NASA Astrophysics Data System}
}

%---------- Rhapsody paper
@ARTICLE{Hahn2017,
   author = {{Hahn}, O. and {Martizzi}, D. and {Wu}, H.-Y. and {Evrard}, A.~E. and 
	{Teyssier}, R. and {Wechsler}, R.~H.},
    title = "{Rhapsody-G simulations I: the cool cores, hot gas and stellar content of massive galaxy clusters}",
  journal = {\mnras},
 keywords = {cosmology: dark matter, cosmology: large-scale structure of the Universe, galaxies: clusters: general, X-rays: galaxies: clusters, methods: numerical},
     year = 2017,
    month = jan,
      doi = {10.1093/mnras/stx001},
   adsurl = {http://adsabs.harvard.edu/abs/2017MNRAS.tmp..205H},
  adsnote = {Provided by the SAO/NASA Astrophysics Data System}
}

%---------- Edge detection in X-ray images
@ARTICLE{Roediger2013,
   author = {{Roediger}, E. and {Kraft}, R.~P. and {Forman}, W.~R. and {Nulsen}, P.~E.~J. and 
	{Churazov}, E.},
    title = "{Kelvin-Helmholtz Instabilities at the Sloshing Cold Fronts in the Virgo Cluster as a Measure for the Effective Intracluster Medium Viscosity}",
  journal = {\apj},
archivePrefix = "arXiv",
   eprint = {1211.4874},
 keywords = {galaxies: clusters: individual: Virgo, galaxies: clusters: intracluster medium, galaxies: individual: M87, hydrodynamics, instabilities, X-rays: galaxies: clusters },
     year = 2013,
    month = feb,
   volume = 764,
      eid = {60},
    pages = {60},
      doi = {10.1088/0004-637X/764/1/60},
   adsurl = {http://adsabs.harvard.edu/abs/2013ApJ...764...60R},
  adsnote = {Provided by the SAO/NASA Astrophysics Data System}
}

@ARTICLE{Sanders2016a,
   author = {{Sanders}, J.~S. and {Fabian}, A.~C. and {Russell}, H.~R. and 
	{Walker}, S.~A. and {Blundell}, K.~M.},
    title = "{Detecting edges in the X-ray surface brightness of galaxy clusters}",
  journal = {\mnras},
archivePrefix = "arXiv",
   eprint = {1605.02911},
 keywords = {techniques: image processing, X-rays: galaxies: clusters},
     year = 2016,
    month = aug,
   volume = 460,
    pages = {1898-1911},
      doi = {10.1093/mnras/stw1119},
   adsurl = {http://adsabs.harvard.edu/abs/2016MNRAS.460.1898S},
  adsnote = {Provided by the SAO/NASA Astrophysics Data System}
}

@ARTICLE{Sanders2016b,
   author = {{Sanders}, J.~S. and {Fabian}, A.~C. and {Taylor}, G.~B. and 
	{Russell}, H.~R. and {Blundell}, K.~M. and {Canning}, R.~E.~A. and 
	{Hlavacek-Larrondo}, J. and {Walker}, S.~A. and {Grimes}, C.~K.
	},
    title = "{A very deep Chandra view of metals, sloshing and feedback in the Centaurus cluster of galaxies}",
  journal = {\mnras},
archivePrefix = "arXiv",
   eprint = {1601.01489},
 keywords = {galaxies: clusters: individual: Abell 3526, X-rays: galaxies: clusters},
     year = 2016,
    month = mar,
   volume = 457,
    pages = {82-109},
      doi = {10.1093/mnras/stv2972},
   adsurl = {http://adsabs.harvard.edu/abs/2016MNRAS.457...82S},
  adsnote = {Provided by the SAO/NASA Astrophysics Data System}
}

%---------- Eg of unsharp masking
@ARTICLE{Fabian2003,
   author = {{Fabian}, A.~C. and {Sanders}, J.~S. and {Allen}, S.~W. and 
	{Crawford}, C.~S. and {Iwasawa}, K. and {Johnstone}, R.~M. and 
	{Schmidt}, R.~W. and {Taylor}, G.~B.},
    title = "{A deep Chandra observation of the Perseus cluster: shocks and ripples}",
  journal = {\mnras},
   eprint = {astro-ph/0306036},
 keywords = {shock waves, galaxies: clusters: individual: Perseus, cooling flows, intergalactic medium, X-rays: galaxies: clusters},
     year = 2003,
    month = sep,
   volume = 344,
    pages = {L43-L47},
      doi = {10.1046/j.1365-8711.2003.06902.x},
   adsurl = {http://adsabs.harvard.edu/abs/2003MNRAS.344L..43F},
  adsnote = {Provided by the SAO/NASA Astrophysics Data System}
}

%---------- MUSTANG2 paper
@INPROCEEDINGS{Dicker2014,
   author = {{Dicker}, S.~R. and {Ade}, P.~A.~R. and {Aguirre}, J. and {Brevik}, J.~A. and 
	{Cho}, H.~M. and {Datta}, R. and {Devlin}, M.~J. and {Dober}, B. and 
	{Egan}, D. and {Ford}, J. and {Ford}, P. and {Hilton}, G. and 
	{Hubmayr}, J. and {Irwin}, K.~D. and {Mason}, B.~S. and {Marganian}, P. and 
	{Mello}, M. and {McMahon}, J.~J. and {Mroczkowski}, T. and {Romero}, C. and 
	{Stanchfield}, S. and {Tucker}, C. and {Vale}, L. and {White}, S. and 
	{Whitehead}, M. and {Young}, A.~H.},
    title = "{MUSTANG2: a large focal plan array for the 100 meter Green Bank Telescope}",
booktitle = {Millimeter, Submillimeter, and Far-Infrared Detectors and Instrumentation for Astronomy VII},
     year = 2014,
   series = {\procspie},
   volume = 9153,
    month = jul,
      eid = {91530J},
    pages = {91530J},
      doi = {10.1117/12.2056455},
   adsurl = {http://adsabs.harvard.edu/abs/2014SPIE.9153E..0JD},
  adsnote = {Provided by the SAO/NASA Astrophysics Data System}
}

%---------- NIKA2 instrument paper
@ARTICLE{Calvo2016,
   author = {{Calvo}, M. and {Beno{\^i}t}, A. and {Catalano}, A. and {Goupy}, J. and 
	{Monfardini}, A. and {Ponthieu}, N. and {Barria}, E. and {Bres}, G. and 
	{Grollier}, M. and {Garde}, G. and {Leggeri}, J.-P. and {Pont}, G. and 
	{Triqueneaux}, S. and {Adam}, R. and {Bourrion}, O. and {Mac{\'{\i}}as-P{\'e}rez}, J.-F. and 
	{Rebolo}, M. and {Ritacco}, A. and {Scordilis}, J.-P. and {Tourres}, D. and 
	{Adane}, A. and {Coiffard}, G. and {Leclercq}, S. and {D{\'e}sert}, F.-X. and 
	{Doyle}, S. and {Mauskopf}, P. and {Tucker}, C. and {Ade}, P. and 
	{Andr{\'e}}, P. and {Beelen}, A. and {Belier}, B. and {Bideaud}, A. and 
	{Billot}, N. and {Comis}, B. and {D'Addabbo}, A. and {Kramer}, C. and 
	{Martino}, J. and {Mayet}, F. and {Pajot}, F. and {Pascale}, E. and 
	{Perotto}, L. and {Rev{\'e}ret}, V. and {Ritacco}, A. and {Rodriguez}, L. and 
	{Savini}, G. and {Schuster}, K. and {Sievers}, A. and {Zylka}, R.
	},
    title = "{The NIKA2 Instrument, A Dual-Band Kilopixel KID Array for Millimetric Astronomy}",
  journal = {Journal of Low Temperature Physics},
archivePrefix = "arXiv",
   eprint = {1601.02774},
 primaryClass = "astro-ph.IM",
 keywords = {Kinetic inductance detectors, mm-wave astronomy},
     year = 2016,
    month = aug,
   volume = 184,
    pages = {816-823},
      doi = {10.1007/s10909-016-1582-0},
   adsurl = {http://adsabs.harvard.edu/abs/2016JLTP..184..816C},
  adsnote = {Provided by the SAO/NASA Astrophysics Data System}
}

%---------- NIKA2 preliminary results paper
@ARTICLE{Catalano2016,
   author = {{Catalano}, A. and {Adam}, R. and {Ade}, P. and {Andr{\'e}}, P. and 
	{Aussel}, H. and {Beelen}, A. and {Beno{\^i}t}, A. and {Bideaud}, A. and 
	{Billot}, N. and {Bourrion}, O. and {Calvo}, M. and {Coiffard}, G. and 
	{Comis}, B. and {D{\'e}sert}, F.-X. and {Doyle}, S. and {Goupy}, J. and 
	{Kramer}, C.~F. and {Lagache}, G. and {Leclercq}, S. and {Lestrade}, J.~F. and 
	{Mac{\'{\i}}as-P{\'e}rez}, J.~F. and {Maury}, A. and {Mauskopf}, P. and 
	{Mayet}, F. and {Monfardini}, A. and {Pajot}, F. and {Pascale}, E. and 
	{Perotto}, L. and {Pisano}, G. and {Ponthieu}, N. and {Rev{\'e}ret}, V. and 
	{Ritacco}, A. and {Rodriguez}, L. and {Romero}, C. and {Roussel}, H. and 
	{Ruppin}, F. and {Schuster}, K. and {Sievers}, A. and {Soler}, J. and 
	{Triqueneaux}, S. and {Tucker}, C. and {Zylka}, R.},
    title = "{The NIKA2 commissioning campaign: performance and first results}",
  journal = {ArXiv e-prints},
archivePrefix = "arXiv",
   eprint = {1605.08628},
 primaryClass = "astro-ph.IM",
 keywords = {Astrophysics - Instrumentation and Methods for Astrophysics, Physics - Instrumentation and Detectors},
     year = 2016,
    month = may,
   adsurl = {http://adsabs.harvard.edu/abs/2016arXiv160508628C},
  adsnote = {Provided by the SAO/NASA Astrophysics Data System}
}

%---------- NIKA2 paper
@ARTICLE{NIKA2017,
   author = {{Adam}, R. and {Adane}, A. and {Ade}, P.~A.~R. and {Andr{\'e}}, P. and 
	{Andrianasolo}, A. and {Aussel}, H. and {Beelen}, A. and {Benoit}, A. and 
	{Bideaud}, A. and {Billot}, N. and {Bourrion}, O. and {Bracco}, A. and 
	{Calvo}, M. and {Catalano}, A. and {Coiffard}, G. and {Comis}, B. and 
	{De Petris}, M. and {D{\'e}sert}, F.-X. and {Doyle}, S. and 
	{Driessen}, E.~F.~C. and {Evans}, R. and {Goupy}, J. and {Kramer}, C. and 
	{Lagache}, G. and {Leclercq}, S. and {Leggeri}, J.-P. and {Lestrade}, J.-F. and 
	{Macias-Perez}, J.-F. and {Mauskopf}, P. and {Mayet}, F. and 
	{Maury}, A. and {Monfardini}, A. and {Navarro}, S. and {Pascale}, E. and 
	{Perotto}, L. and {Pisano}, G. and {Ponthieu}, N. and {Reveret}, V. and 
	{Rigby}, A. and {Ritacco}, A. and {Romero}, C. and {Roussel}, H. and 
	{Ruppin}, F. and {Schuster}, K. and {Sievers}, A. and {Triqueneaux}, S. and 
	{Tucker}, C. and {Zylka}, R.},
    title = "{The NIKA2 large field-of-view millimeter continuum camera for the 30-m IRAM telescope}",
  journal = {ArXiv e-prints},
archivePrefix = "arXiv",
   eprint = {1707.00908},
 primaryClass = "astro-ph.IM",
 keywords = {Astrophysics - Instrumentation and Methods for Astrophysics},
     year = 2017,
    month = jul,
   adsurl = {http://adsabs.harvard.edu/abs/2017arXiv170700908A},
  adsnote = {Provided by the SAO/NASA Astrophysics Data System}
}

%---------- Planck Cosmological parameters
@ARTICLE{Planck2016XIII,
   author = {{Planck Collaboration} and {Ade}, P.~A.~R. and {Aghanim}, N. and 
	{Arnaud}, M. and {Ashdown}, M. and {Aumont}, J. and {Baccigalupi}, C. and 
	{Banday}, A.~J. and {Barreiro}, R.~B. and {Bartlett}, J.~G. and et al.},
    title = "{Planck 2015 results. XIII. Cosmological parameters}",
  journal = {\aap},
archivePrefix = "arXiv",
   eprint = {1502.01589},
 keywords = {cosmology: observations, cosmology: theory, cosmic background radiation, cosmological parameters},
     year = 2016,
    month = sep,
   volume = 594,
      eid = {A13},
    pages = {A13},
      doi = {10.1051/0004-6361/201525830},
   adsurl = {http://adsabs.harvard.edu/abs/2016A%26A...594A..13P},
  adsnote = {Provided by the SAO/NASA Astrophysics Data System}
}

%---------- SZ review
@ARTICLE{Birkinshaw1999,
   author = {{Birkinshaw}, M.},
    title = "{The Sunyaev-Zel'dovich effect}",
  journal = {\physrep},
   eprint = {arXiv:astro-ph/9808050},
     year = 1999,
    month = mar,
   volume = 310,
    pages = {97-195},
      doi = {10.1016/S0370-1573(98)00080-5},
   adsurl = {http://adsabs.harvard.edu/abs/1999PhR...310...97B},
  adsnote = {Provided by the SAO/NASA Astrophysics Data System}
}

%---------- Relativistic corrections
@ARTICLE{Itoh2003,
   author = {{Itoh}, N. and {Nozawa}, S.},
    title = "{Relativistic Corrections to the Sunyaev-Zeldovich Effect for Clusters of Galaxies. V. Numerical Results for High Electron Temperatures}",
  journal = {ArXiv Astrophysics e-prints},
   eprint = {astro-ph/0307519},
 keywords = {Astrophysics},
     year = 2003,
    month = jul,
   adsurl = {http://adsabs.harvard.edu/abs/2003astro.ph..7519I},
  adsnote = {Provided by the SAO/NASA Astrophysics Data System}
}

%---------- Remi Adam PhD thesis
@phdthesis{Adam2015Thesis,
  TITLE = {{Observation of galaxy clusters via the Sunyaev-Zel'dovich effect and the polarization of the cosmic microwave background}},
  AUTHOR = {Adam, Remi},
  URL = {https://tel.archives-ouvertes.fr/tel-01303736},
  NUMBER = {2015GREAY056},
  SCHOOL = {{Universit{\'e} Grenoble Alpes (https://tel.archives-ouvertes.fr/tel-01303736)}},
  YEAR = {2015},
  MONTH = Sep,
  KEYWORDS = {Polarization ; Kinetic inductance detectors ; Cosmic microwave background ; Cosmology ; Galaxy clusters ; Cosmologie ; Amas de galaxies ; D{\'e}tecteurs {\`a} inductance cin{\'e}tique ; Fond diffus cosmologique ; Polarisation},
  TYPE = {Theses},
  PDF = {https://tel.archives-ouvertes.fr/tel-01303736/file/ADAM_2015_archivage.pdf},
  HAL_ID = {tel-01303736},
  HAL_VERSION = {v1},
}

%---------- NIKA first tSZ observation
@ARTICLE{Adam2014,
   author = {{Adam}, R. and {Comis}, B. and {Mac{\'{\i}}as-P{\'e}rez}, J.~F. and 
	{Adane}, A. and {Ade}, P. and {Andr{\'e}}, P. and {Beelen}, A. and 
	{Belier}, B. and {Beno{\^i}t}, A. and {Bideaud}, A. and {Billot}, N. and 
	{Boudou}, N. and {Bourrion}, O. and {Calvo}, M. and {Catalano}, A. and 
	{Coiffard}, G. and {D'Addabbo}, A. and {D{\'e}sert}, F.-X. and 
	{Doyle}, S. and {Goupy}, J. and {Kramer}, C. and {Leclercq}, S. and 
	{Martino}, J. and {Mauskopf}, P. and {Mayet}, F. and {Monfardini}, A. and 
	{Pajot}, F. and {Pascale}, E. and {Perotto}, L. and {Pointecouteau}, E. and 
	{Ponthieu}, N. and {Rev{\'e}ret}, V. and {Rodriguez}, L. and 
	{Savini}, G. and {Schuster}, K. and {Sievers}, A. and {Tucker}, C. and 
	{Zylka}, R.},
    title = "{First observation of the thermal Sunyaev-Zel'dovich effect with kinetic inductance detectors}",
  journal = {\aap},
archivePrefix = "arXiv",
   eprint = {1310.6237},
 keywords = {instrumentation: detectors, techniques: high angular resolution, galaxies: clusters: individual: RX J1347.5-1145, galaxies: clusters: intracluster medium},
     year = 2014,
    month = sep,
   volume = 569,
      eid = {A66},
    pages = {A66},
      doi = {10.1051/0004-6361/201322902},
   adsurl = {http://adsabs.harvard.edu/abs/2014A%26A...569A..66A},
  adsnote = {Provided by the SAO/NASA Astrophysics Data System}
}

%---------- NIKA CLJ1227 pressure distribution
@ARTICLE{Adam2015,
   author = {{Adam}, R. and {Comis}, B. and {Mac{\'{\i}}as-P{\'e}rez}, J.-F. and 
	{Adane}, A. and {Ade}, P. and {Andr{\'e}}, P. and {Beelen}, A. and 
	{Belier}, B. and {Beno{\^i}t}, A. and {Bideaud}, A. and {Billot}, N. and 
	{Blanquer}, G. and {Bourrion}, O. and {Calvo}, M. and {Catalano}, A. and 
	{Coiffard}, G. and {Cruciani}, A. and {D'Addabbo}, A. and {D{\'e}sert}, F.-X. and 
	{Doyle}, S. and {Goupy}, J. and {Kramer}, C. and {Leclercq}, S. and 
	{Martino}, J. and {Mauskopf}, P. and {Mayet}, F. and {Monfardini}, A. and 
	{Pajot}, F. and {Pascale}, E. and {Perotto}, L. and {Pointecouteau}, E. and 
	{Ponthieu}, N. and {Rev{\'e}ret}, V. and {Ritacco}, A. and {Rodriguez}, L. and 
	{Savini}, G. and {Schuster}, K. and {Sievers}, A. and {Tucker}, C. and 
	{Zylka}, R.},
    title = "{Pressure distribution of the high-redshift cluster of galaxies CL J1226.9+3332 with NIKA}",
  journal = {\aap},
archivePrefix = "arXiv",
   eprint = {1410.2808},
 keywords = {techniques: high angular resolution, galaxies: clusters: individual: CL J1226.9+3332},
     year = 2015,
    month = apr,
   volume = 576,
      eid = {A12},
    pages = {A12},
      doi = {10.1051/0004-6361/201425140},
   adsurl = {http://adsabs.harvard.edu/abs/2015A%26A...576A..12A},
  adsnote = {Provided by the SAO/NASA Astrophysics Data System}
}

%---------- NIKA MACSJ1424: multi-wavelength analysis
@ARTICLE{Adam2016a,
   author = {{Adam}, R. and {Comis}, B. and {Bartalucci}, I. and {Adane}, A. and 
	{Ade}, P. and {Andr{\'e}}, P. and {Arnaud}, M. and {Beelen}, A. and 
	{Belier}, B. and {Beno{\^i}t}, A. and {Bideaud}, A. and {Billot}, N. and 
	{Bourrion}, O. and {Calvo}, M. and {Catalano}, A. and {Coiffard}, G. and 
	{D'Addabbo}, A. and {D{\'e}sert}, F.-X. and {Doyle}, S. and 
	{Goupy}, J. and {Hasnoun}, B. and {Hermelo}, I. and {Kramer}, C. and 
	{Lagache}, G. and {Leclercq}, S. and {Mac{\'{\i}}as-P{\'e}rez}, J.-F. and 
	{Martino}, J. and {Mauskopf}, P. and {Mayet}, F. and {Monfardini}, A. and 
	{Pajot}, F. and {Pascale}, E. and {Perotto}, L. and {Pointecouteau}, E. and 
	{Ponthieu}, N. and {Pratt}, G.~W. and {Rev{\'e}ret}, V. and 
	{Ritacco}, A. and {Rodriguez}, L. and {Savini}, G. and {Schuster}, K. and 
	{Sievers}, A. and {Triqueneaux}, S. and {Tucker}, C. and {Zylka}, R.
	},
    title = "{High angular resolution Sunyaev-Zel'dovich observations of MACS J1423.8+2404 with NIKA: Multiwavelength analysis}",
  journal = {\aap},
archivePrefix = "arXiv",
   eprint = {1510.06674},
 keywords = {techniques: high angular resolution, galaxies: clusters: individual: MACS J1423.8+2404, galaxies: clusters: intracluster medium},
     year = 2016,
    month = feb,
   volume = 586,
      eid = {A122},
    pages = {A122},
      doi = {10.1051/0004-6361/201527616},
   adsurl = {http://adsabs.harvard.edu/abs/2016A%26A...586A.122A},
  adsnote = {Provided by the SAO/NASA Astrophysics Data System}
}

%---------- NIKA kSZ paper
@ARTICLE{Adam2016b,
   author = {{Adam}, R. and {Bartalucci}, I. and {Pratt}, G.~W. and {Ade}, P. and 
	{Andr{\'e}}, P. and {Arnaud}, M. and {Beelen}, A. and {Beno{\^i}t}, A. and 
	{Bideaud}, A. and {Billot}, N. and {Bourdin}, H. and {Bourrion}, O. and 
	{Calvo}, M. and {Catalano}, A. and {Coiffard}, G. and {Comis}, B. and 
	{D'Addabbo}, A. and {De Petris}, M. and {D{\'e}mocl{\`e}s}, J. and 
	{D{\'e}sert}, F.-X. and {Doyle}, S. and {Egami}, E. and {Ferrari}, C. and 
	{Goupy}, J. and {Kramer}, C. and {Lagache}, G. and {Leclercq}, S. and 
	{Mac{\'{\i}}as-P{\'e}rez}, J.-F. and {Maurogordato}, S. and 
	{Mauskopf}, P. and {Mayet}, F. and {Monfardini}, A. and {Mroczkowski}, T. and 
	{Pajot}, F. and {Pascale}, E. and {Perotto}, L. and {Pisano}, G. and 
	{Pointecouteau}, E. and {Ponthieu}, N. and {Rev{\'e}ret}, V. and 
	{Ritacco}, A. and {Rodriguez}, L. and {Romero}, C. and {Ruppin}, F. and 
	{Schuster}, K. and {Sievers}, A. and {Triqueneaux}, S. and {Tucker}, C. and 
	{Zemcov}, M. and {Zylka}, R.},
    title = "{Mapping the kinetic Sunyaev-Zel'dovich effect toward MACS J0717.5+3745 with NIKA}",
  journal = {\aap},
archivePrefix = "arXiv",
   eprint = {1606.07721},
 keywords = {techniques: high angular resolution, galaxies: clusters: individual: MACS J0717.5+3745, galaxies: clusters: intracluster medium},
     year = 2017,
    month = feb,
   volume = 598,
      eid = {A115},
    pages = {A115},
      doi = {10.1051/0004-6361/201629182},
   adsurl = {http://adsabs.harvard.edu/abs/2017A%26A...598A.115A},
  adsnote = {Provided by the SAO/NASA Astrophysics Data System}
}

%---------- NIKA PSZ1G045 paper
@ARTICLE{Ruppin2016,
   author = {{Ruppin}, F. and {Adam}, R. and {Comis}, B. and {Ade}, P. and 
	{Andr{\'e}}, P. and {Arnaud}, M. and {Beelen}, A. and {Beno{\^i}t}, A. and 
	{Bideaud}, A. and {Billot}, N. and {Bourrion}, O. and {Calvo}, M. and 
	{Catalano}, A. and {Coiffard}, G. and {D'Addabbo}, A. and {De Petris}, M. and 
	{D{\'e}sert}, F.-X. and {Doyle}, S. and {Goupy}, J. and {Kramer}, C. and 
	{Leclercq}, S. and {Mac{\'{\i}}as-P{\'e}rez}, J.~F. and {Mauskopf}, P. and 
	{Mayet}, F. and {Monfardini}, A. and {Pajot}, F. and {Pascale}, E. and 
	{Perotto}, L. and {Pisano}, G. and {Pointecouteau}, E. and {Ponthieu}, N. and 
	{Pratt}, G.~W. and {Rev{\'e}ret}, V. and {Ritacco}, A. and {Rodriguez}, L. and 
	{Romero}, C. and {Schuster}, K. and {Sievers}, A. and {Triqueneaux}, S. and 
	{Tucker}, C. and {Zylka}, R.},
    title = "{Non-parametric deprojection of NIKA SZ observations: Pressure distribution in the Planck-discovered cluster PSZ1 G045.85+57.71}",
  journal = {\aap},
archivePrefix = "arXiv",
   eprint = {1607.07679},
 keywords = {galaxies: clusters: intracluster medium, instrumentation: high angular resolution, cosmology: observations},
     year = 2017,
    month = jan,
   volume = 597,
      eid = {A110},
    pages = {A110},
      doi = {10.1051/0004-6361/201629405},
   adsurl = {http://adsabs.harvard.edu/abs/2017A%26A...597A.110R},
  adsnote = {Provided by the SAO/NASA Astrophysics Data System}
}

%---------- TSZX
@ARTICLE{Adam2017,
   author = {{Adam}, R. and {Arnaud}, M. and {Bartalucci}, I. and {Ade}, P. and 
	{Andr{\'e}}, P. and {Beelen}, A. and {Beno{\^i}t}, A. and {Bideaud}, A. and 
	{Billot}, N. and {Bourdin}, H. and {Bourrion}, O. and {Calvo}, M. and 
	{Catalano}, A. and {Coiffard}, G. and {Comis}, B. and {D'Addabbo}, A. and 
	{D{\'e}sert}, F.-X. and {Doyle}, S. and {Ferrari}, C. and {Goupy}, J. and 
	{Kramer}, C. and {Lagache}, G. and {Leclercq}, S. and {Mac{\'{\i}}as-P{\'e}rez}, J.-F. and 
	{Maurogordato}, S. and {Mauskopf}, P. and {Mayet}, F. and {Monfardini}, A. and 
	{Pajot}, F. and {Pascale}, E. and {Perotto}, L. and {Pisano}, G. and 
	{Pointecouteau}, E. and {Ponthieu}, N. and {Pratt}, G.~W. and 
	{Rev{\'e}ret}, V. and {Ritacco}, A. and {Rodriguez}, L. and 
	{Romero}, C. and {Ruppin}, F. and {Schuster}, K. and {Sievers}, A. and 
	{Triqueneaux}, S. and {Tucker}, C. and {Zylka}, R.},
    title = "{Mapping the hot gas temperature in galaxy clusters using X-ray and Sunyaev-Zel'dovich imaging}",
  journal = {ArXiv e-prints},
archivePrefix = "arXiv",
   eprint = {1706.10230},
 keywords = {Astrophysics - Cosmology and Nongalactic Astrophysics},
     year = 2017,
    month = jun,
   adsurl = {http://adsabs.harvard.edu/abs/2017arXiv170610230A},
  adsnote = {Provided by the SAO/NASA Astrophysics Data System}
}

%---------- DIABOLO SZ RXJ1347
@ARTICLE{Pointecouteau1999,
   author = {{Pointecouteau}, E. and {Giard}, M. and {Benoit}, A. and {D{\'e}sert}, F.~X. and 
	{Aghanim}, N. and {Coron}, N. and {Lamarre}, J.~M. and {Delabrouille}, J.
	},
    title = "{A Sunyaev-Zeldovich Map of the Massive Core in the Luminous X-Ray Cluster RX J1347-1145}",
  journal = {\apjl},
 keywords = {COSMOLOGY: COSMIC MICROWAVE BACKGROUND, COSMOLOGY: OBSERVATIONS, GALAXIES: CLUSTERS: INDIVIDUAL: ALPHANUMERIC: RX J1347-1145, GALAXIES: INTERGALACTIC MEDIUM, Cosmology: Cosmic Microwave Background, Cosmology: Observations, Galaxies: Clusters: Individual: Alphanumeric: RX J1347-1145, Galaxies: Intergalactic Medium},
     year = 1999,
    month = jul,
   volume = 519,
    pages = {L115-L118},
      doi = {10.1086/312117},
   adsurl = {http://adsabs.harvard.edu/abs/1999ApJ...519L.115P},
  adsnote = {Provided by the SAO/NASA Astrophysics Data System}
}

@ARTICLE{Pointecouteau2001,
   author = {{Pointecouteau}, E. and {Giard}, M. and {Benoit}, A. and {D{\'e}sert}, F.~X. and 
	{Bernard}, J.~P. and {Coron}, N. and {Lamarre}, J.~M.},
    title = "{Extended Sunyaev-Zeldovich Map of the Most Luminous X-Ray Cluster, RX J1347-1145}",
  journal = {\apj},
   eprint = {astro-ph/0012309},
 keywords = {Cosmology: Cosmic Microwave Background, Cosmology: Observations, Galaxies: Clusters: Individual: Alphanumeric: RX J1347-1145, Galaxies: Intergalactic Medium},
     year = 2001,
    month = may,
   volume = 552,
    pages = {42-48},
      doi = {10.1086/320447},
   adsurl = {http://adsabs.harvard.edu/abs/2001ApJ...552...42P},
  adsnote = {Provided by the SAO/NASA Astrophysics Data System}
}

%---------- NOBAYEMA
@ARTICLE{Komatsu1999,
   author = {{Komatsu}, E. and {Kitayama}, T. and {Suto}, Y. and {Hattori}, M. and 
	{Kawabe}, R. and {Matsuo}, H. and {Schindler}, S. and {Yoshikawa}, K.
	},
    title = "{Submillimeter Detection of the Sunyaev-Zeldovich Effect toward the Most Luminous X-Ray Cluster at Z = 0.45}",
  journal = {\apjl},
   eprint = {astro-ph/9902351},
 keywords = {COSMOLOGY: COSMIC MICROWAVE BACKGROUND, COSMOLOGY: OBSERVATIONS, COSMOLOGY: DISTANCE SCALE, GALAXIES: CLUSTERS: INDIVIDUAL: ALPHANUMERIC: RX J1347.5-1145, X-RAYS: GALAXIES, Cosmology: Cosmic Microwave Background, Cosmology: Observations, Cosmology: Distance Scale, Galaxies: Clusters: Individual: Alphanumeric: RX J1347.5-1145, X-Rays: Galaxies},
     year = 1999,
    month = may,
   volume = 516,
    pages = {L1-L4},
      doi = {10.1086/311983},
   adsurl = {http://adsabs.harvard.edu/abs/1999ApJ...516L...1K},
  adsnote = {Provided by the SAO/NASA Astrophysics Data System}
}

@ARTICLE{Kitayama2004,
   author = {{Kitayama}, T. and {Komatsu}, E. and {Ota}, N. and {Kuwabara}, T. and 
	{Suto}, Y. and {Yoshikawa}, K. and {Hattori}, M. and {Matsuo}, H.
	},
    title = "{Exploring Cluster Physics with High-Resolution Sunyaev--Zel'dovich Effect Images and X-Ray Data: The Case of the Most X-Ray-Luminous Galaxy Cluster RX J1347-1145}",
  journal = {\pasj},
   eprint = {astro-ph/0311574},
 keywords = {cosmology: observations, galaxies: clusters: individual (RX J1347-1145), radio continuum: galaxies, submillimeter, X-rays: galaxies: clusters},
     year = 2004,
    month = feb,
   volume = 56,
    pages = {17-28},
      doi = {10.1093/pasj/56.1.17},
   adsurl = {http://adsabs.harvard.edu/abs/2004PASJ...56...17K},
  adsnote = {Provided by the SAO/NASA Astrophysics Data System}
}

%---------- MUSTANG RXJ1347
@ARTICLE{Mason2010,
   author = {{Mason}, B.~S. and {Dicker}, S.~R. and {Korngut}, P.~M. and 
	{Devlin}, M.~J. and {Cotton}, W.~D. and {Koch}, P.~M. and {Molnar}, S.~M. and 
	{Sievers}, J. and {Aguirre}, J.~E. and {Benford}, D. and {Staguhn}, J.~G. and 
	{Moseley}, H. and {Irwin}, K.~D. and {Ade}, P.},
    title = "{Implications of a High Angular Resolution Image of the Sunyaev-Zel'Dovich Effect in RXJ1347-1145}",
  journal = {\apj},
 keywords = {cosmic background radiation, cosmology: observations, galaxies: clusters: individual: RXJ1347{\ndash}1145},
     year = 2010,
    month = jun,
   volume = 716,
    pages = {739-745},
      doi = {10.1088/0004-637X/716/1/739},
   adsurl = {http://adsabs.harvard.edu/abs/2010ApJ...716..739M},
  adsnote = {Provided by the SAO/NASA Astrophysics Data System}
}

%---------- ALMA SZ
@ARTICLE{Kitayama2016,
   author = {{Kitayama}, T. and {Ueda}, S. and {Takakuwa}, S. and {Tsutsumi}, T. and 
	{Komatsu}, E. and {Akahori}, T. and {Iono}, D. and {Izumi}, T. and 
	{Kawabe}, R. and {Kohno}, K. and {Matsuo}, H. and {Ota}, N. and 
	{Suto}, Y. and {Takizawa}, M. and {Yoshikawa}, K.},
    title = "{The Sunyaev-Zel'dovich effect at 5{\Prime}: RX J1347.5-1145 imaged by ALMA}",
  journal = {\pasj},
archivePrefix = "arXiv",
   eprint = {1607.08833},
 keywords = {cosmology: observations, galaxies: clusters: intracluster medium, radio continuum: general, techniques: interferometric, X-rays: galaxies: clusters},
     year = 2016,
    month = oct,
   volume = 68,
      eid = {88},
    pages = {88},
      doi = {10.1093/pasj/psw082},
   adsurl = {http://adsabs.harvard.edu/abs/2016PASJ...68...88K},
  adsnote = {Provided by the SAO/NASA Astrophysics Data System}
}

%ALMA shock
@ARTICLE{Basu2016,
   author = {{Basu}, K. and {Sommer}, M. and {Erler}, J. and {Eckert}, D. and 
	{Vazza}, F. and {Magnelli}, B. and {Bertoldi}, F. and {Tozzi}, P.
	},
    title = "{ALMA-SZ Detection of a Galaxy Cluster Merger Shock at Half the Age of the Universe}",
  journal = {\apjl},
archivePrefix = "arXiv",
   eprint = {1608.05413},
 keywords = {galaxies: clusters: individual: ACT-CL J0102 4915, galaxies: clusters: intracluster medium},
     year = 2016,
    month = oct,
   volume = 829,
      eid = {L23},
    pages = {L23},
      doi = {10.3847/2041-8205/829/2/L23},
   adsurl = {http://adsabs.harvard.edu/abs/2016ApJ...829L..23B},
  adsnote = {Provided by the SAO/NASA Astrophysics Data System}
}

%---------- CARMA RXJ1347
@ARTICLE{Plagge2012,
   author = {{Plagge}, T.~J. and {Marrone}, D.~P. and {Abdulla}, Z. and {Bonamente}, M. and 
	{Carlstrom}, J.~E. and {Gralla}, M. and {Greer}, C.~H. and {Joy}, M. and 
	{Lamb}, J.~W. and {Leitch}, E.~M. and {Mantz}, A. and {Muchovej}, S. and 
	{Woody}, D.},
    title = "{CARMA Measurements of the Sunyaev-Zel'dovich Effect in RX J1347.5-1145}",
  journal = {\apj},
archivePrefix = "arXiv",
   eprint = {1203.2175},
 primaryClass = "astro-ph.CO",
 keywords = {galaxies: clusters: general},
     year = 2013,
    month = jun,
   volume = 770,
      eid = {112},
    pages = {112},
      doi = {10.1088/0004-637X/770/2/112},
   adsurl = {http://adsabs.harvard.edu/abs/2013ApJ...770..112P},
  adsnote = {Provided by the SAO/NASA Astrophysics Data System}
}

%---------- MUSIC paper
@ARTICLE{Sayers2016,
   author = {{Sayers}, J. and {Zemcov}, M. and {Glenn}, J. and {Golwala}, S.~R. and 
	{Maloney}, P.~R. and {Siegel}, S.~R. and {Wheeler}, J. and {Bockstiegel}, C. and 
	{Brugger}, S. and {Czakon}, N.~G. and {Day}, P.~K. and {Downes}, T.~P. and 
	{Duan}, R.~P. and {Gao}, J. and {Hollister}, M.~I. and {Lam}, A. and 
	{LeDuc}, H.~G. and {Mazin}, B.~A. and {McHugh}, S.~G. and {Miller}, D.~A. and 
	{Mroczkowski}, T.~K. and {Noroozian}, O. and {Nguyen}, H.~T. and 
	{Radford}, S.~J.~E. and {Schlaerth}, J.~A. and {Vayonakis}, A. and 
	{Wilson}, P.~R. and {Zmuidzinas}, J.},
    title = "{Peculiar Velocity Constraints from Five-band SZ Effect Measurements toward RX J1347.5-1145 with MUSIC and Bolocam from the CSO}",
  journal = {\apj},
archivePrefix = "arXiv",
   eprint = {1509.02950},
 keywords = {galaxies: clusters: individual:: RX J1347.5{\minus}1145, galaxies: clusters: intracluster medium},
     year = 2016,
    month = apr,
   volume = 820,
      eid = {101},
    pages = {101},
      doi = {10.3847/0004-637X/820/2/101},
   adsurl = {http://adsabs.harvard.edu/abs/2016ApJ...820..101S},
  adsnote = {Provided by the SAO/NASA Astrophysics Data System}
}

%---------- Citation for MUSTANG maps
@ARTICLE{Romero2015,
   author = {{Romero}, C.~E. and {Mason}, B.~S. and {Sayers}, J. and {Young}, A.~H. and 
	{Mroczkowski}, T. and {Clarke}, T.~E. and {Sarazin}, C. and 
	{Sievers}, J. and {Dicker}, S.~R. and {Reese}, E.~D. and {Czakon}, N. and 
	{Devlin}, M. and {Korngut}, P.~M. and {Golwala}, S.},
    title = "{Galaxy Cluster Pressure Profiles, as Determined by Sunyaev-Zeldovich Effect Observations with MUSTANG and Bolocam. I. Joint Analysis Technique}",
  journal = {\apj},
archivePrefix = "arXiv",
   eprint = {1501.00187},
 keywords = {galaxies: clusters: general, galaxies: clusters: individual: Abell 1835, MACS J0647.7+7015},
     year = 2015,
    month = jul,
   volume = 807,
      eid = {121},
    pages = {121},
      doi = {10.1088/0004-637X/807/2/121},
   adsurl = {http://adsabs.harvard.edu/abs/2015ApJ...807..121R},
  adsnote = {Provided by the SAO/NASA Astrophysics Data System}
}

%---------- LP NIKA2
@ARTICLE{Comis2016,
   author = {{Comis}, B. and {Adam}, R. and {Ade}, P. and {Andr{\'e}}, P. and 
	{Arnaud}, M. and {Bartalucci}, I. and {Beelen}, A. and {Beno{\^i}t}, A. and 
	{Bideaud}, A. and {Billot}, N. and {Bourrion}, O. and {Calvo}, M. and 
	{Catalano}, A. and {Coiffard}, G. and {D{\'e}sert}, F.-X. and 
	{Doyle}, S. and {Goupy}, J. and {Kramer}, C. and {Lagache}, G. and 
	{Leclercq}, S. and {Mac{\'{\i}}as-P{\'e}rez}, J.~F. and {Mauskopf}, P. and 
	{Mayet}, F. and {Monfardini}, A. and {Pajot}, F. and {Pascale}, E. and 
	{Perotto}, L. and {Pointecouteau}, E. and {Pisano}, G. and {Ponthieu}, N. and 
	{Pratt}, G.~W. and {Rev{\'e}ret}, V. and {Ritacco}, A. and {Rodriguez}, L. and 
	{Romero}, C. and {Ruppin}, F. and {Savini}, G. and {Schuster}, K. and 
	{Sievers}, A. and {Triqueneaux}, S. and {Tucker}, C. and {Zilch}, R.
	},
    title = "{High angular resolution SZ observations with NIKA and NIKA2}",
  journal = {ArXiv e-prints},
archivePrefix = "arXiv",
   eprint = {1605.09549},
 keywords = {Astrophysics - Cosmology and Nongalactic Astrophysics},
     year = 2016,
    month = may,
   adsurl = {http://adsabs.harvard.edu/abs/2016arXiv160509549C},
  adsnote = {Provided by the SAO/NASA Astrophysics Data System}
}

@ARTICLE{Mayet2017,
   author = {{Mayet}, F. and {Adam}, R. and {Ade}, P. and {Andr{\'e}}, P. and 
	{Arnaud}, M. and {Aussel}, H. and {Bartalucci}, I. and {Beelen}, A. and 
	{Beno{\^i}t}, A. and {Bideaud}, A. and {Bourrion}, O. and {Calvo}, M. and 
	{Catalano}, A. and {Comis}, B. and {De Petris}, M. and {D{\'e}sert}, F.-X. and 
	{Doyle}, S. and {Driessen}, E.~F.~C. and {Goupy}, J. and {Kramer}, C. and 
	{Lagache}, G. and {Leclercq}, S. and {Lestrade}, J.~F. and {Mac{\'{\i}}as-P{\'e}rez}, J.~F. and 
	{Mauskopf}, P. and {Monfardini}, A. and {Pascale}, E. and {Perotto}, L. and 
	{Pointecouteau}, E. and {Pisano}, G. and {Ponthieu}, N. and 
	{Pratt}, G.~W. and {Rev{\'e}ret}, V. and {Ritacco}, A. and {Romero}, C. and 
	{Roussel}, H. and {Ruppin}, F. and {Schuster}, K. and {Sievers}, A. and 
	{Triqueneaux}, S. and {Tucker}, C. and {Zylka}, R.},
    title = "{High-resolution SZ imaging of clusters of galaxies with the NIKA2 camera at the IRAM 30-m telescope}",
  journal = {ArXiv e-prints},
archivePrefix = "arXiv",
   eprint = {1709.01255},
 keywords = {Astrophysics - Cosmology and Nongalactic Astrophysics},
     year = 2017,
    month = sep,
   adsurl = {http://adsabs.harvard.edu/abs/2017arXiv170901255M},
  adsnote = {Provided by the SAO/NASA Astrophysics Data System}
}

%---------- RXJ1347 Hydro
@ARTICLE{Kreisch2016,
   author = {{Kreisch}, C.~D. and {Machacek}, M.~E. and {Jones}, C. and {Randall}, S.~W.
	},
    title = "{Merger Hydrodynamics of the Luminous Cluster RX J1347.5-1145}",
  journal = {\apj},
archivePrefix = "arXiv",
   eprint = {1607.04674},
 keywords = {galaxies: clusters: general, galaxies: clusters: individual: RX J1347.5{\ndash}1145, galaxies: interactions, X-rays: galaxies: clusters},
     year = 2016,
    month = oct,
   volume = 830,
      eid = {39},
    pages = {39},
      doi = {10.3847/0004-637X/830/1/39},
   adsurl = {http://adsabs.harvard.edu/abs/2016ApJ...830...39K},
  adsnote = {Provided by the SAO/NASA Astrophysics Data System}
}

%---------- PSZ1
@ARTICLE{PlanckXXIX2014,
   author = {{Planck Collaboration} and {Ade}, P.~A.~R. and {Aghanim}, N. and 
	{Armitage-Caplan}, C. and {Arnaud}, M. and {Ashdown}, M. and 
	{Atrio-Barandela}, F. and {Aumont}, J. and {Aussel}, H. and 
	{Baccigalupi}, C. and et al.},
    title = "{Planck 2013 results. XXIX. The Planck catalogue of Sunyaev-Zeldovich sources}",
  journal = {\aap},
archivePrefix = "arXiv",
   eprint = {1303.5089},
 keywords = {large-scale structure of Universe, galaxies: clusters: general, catalogs},
     year = 2014,
    month = nov,
   volume = 571,
      eid = {A29},
    pages = {A29},
      doi = {10.1051/0004-6361/201321523},
   adsurl = {http://adsabs.harvard.edu/abs/2014A%26A...571A..29P},
  adsnote = {Provided by the SAO/NASA Astrophysics Data System}
}

%---------- PSZ2
@ARTICLE{PlanckXXVII2015,
   author = {{Planck Collaboration} and {Ade}, P.~A.~R. and {Aghanim}, N. and 
	{Arnaud}, M. and {Ashdown}, M. and {Aumont}, J. and {Baccigalupi}, C. and 
	{Banday}, A.~J. and {Barreiro}, R.~B. and {Barrena}, R. and et al.},
    title = "{Planck 2015 results. XXVII. The second Planck catalogue of Sunyaev-Zeldovich sources}",
  journal = {\aap},
archivePrefix = "arXiv",
   eprint = {1502.01598},
 keywords = {cosmology: observations, galaxies: clusters: general, catalogs},
     year = 2016,
    month = sep,
   volume = 594,
      eid = {A27},
    pages = {A27},
      doi = {10.1051/0004-6361/201525823},
   adsurl = {http://adsabs.harvard.edu/abs/2016A%26A...594A..27P},
  adsnote = {Provided by the SAO/NASA Astrophysics Data System}
}

%---------- Universal Pressure profile
@ARTICLE{Arnaud2010,
   author = {{Arnaud}, M. and {Pratt}, G.~W. and {Piffaretti}, R. and {B{\"o}hringer}, H. and 
	{Croston}, J.~H. and {Pointecouteau}, E.},
    title = "{The universal galaxy cluster pressure profile from a representative sample of nearby systems (REXCESS) and the Y$_{SZ}$ - M$_{500}$ relation}",
  journal = {\aap},
archivePrefix = "arXiv",
   eprint = {0910.1234},
 keywords = {cosmology: observations, dark matter, galaxies: clusters: general, intergalactic, medium, X-rays: galaxies: clusters},
     year = 2010,
    month = jul,
   volume = 517,
      eid = {A92},
    pages = {A92},
      doi = {10.1051/0004-6361/200913416},
   adsurl = {http://adsabs.harvard.edu/abs/2010A%26A...517A..92A},
  adsnote = {Provided by the SAO/NASA Astrophysics Data System}
}

%---------- kSZ
@ARTICLE{Mroczkowski2012,
   author = {{Mroczkowski}, T. and {Dicker}, S. and {Sayers}, J. and {Reese}, E.~D. and 
	{Mason}, B. and {Czakon}, N. and {Romero}, C. and {Young}, A. and 
	{Devlin}, M. and {Golwala}, S. and {Korngut}, P. and {Sarazin}, C. and 
	{Bock}, J. and {Koch}, P.~M. and {Lin}, K.-Y. and {Molnar}, S.~M. and 
	{Pierpaoli}, E. and {Umetsu}, K. and {Zemcov}, M.},
    title = "{A Multi-wavelength Study of the Sunyaev-Zel'dovich Effect in the Triple-merger Cluster MACS J0717.5+3745 with MUSTANG and Bolocam}",
  journal = {\apj},
archivePrefix = "arXiv",
   eprint = {1205.0052},
 keywords = {cosmic background radiation, cosmology: observations, X-rays: galaxies: clusters, X-rays: general},
     year = 2012,
    month = dec,
   volume = 761,
      eid = {47},
    pages = {47},
      doi = {10.1088/0004-637X/761/1/47},
   adsurl = {http://adsabs.harvard.edu/abs/2012ApJ...761...47M},
  adsnote = {Provided by the SAO/NASA Astrophysics Data System}
}

%---------- kSZ
@ARTICLE{Sayers2013,
   author = {{Sayers}, J. and {Mroczkowski}, T. and {Zemcov}, M. and {Korngut}, P.~M. and 
	{Bock}, J. and {Bulbul}, E. and {Czakon}, N.~G. and {Egami}, E. and 
	{Golwala}, S.~R. and {Koch}, P.~M. and {Lin}, K.-Y. and {Mantz}, A. and 
	{Molnar}, S.~M. and {Moustakas}, L. and {Pierpaoli}, E. and 
	{Rawle}, T.~D. and {Reese}, E.~D. and {Rex}, M. and {Shitanishi}, J.~A. and 
	{Siegel}, S. and {Umetsu}, K.},
    title = "{A Measurement of the Kinetic Sunyaev-Zel'dovich Signal Toward MACS J0717.5+3745}",
  journal = {\apj},
archivePrefix = "arXiv",
   eprint = {1312.3680},
 primaryClass = "astro-ph.CO",
 keywords = {galaxies: clusters: individual: MACS J0717.5+3745, galaxies: clusters: intracluster medium},
     year = 2013,
    month = nov,
   volume = 778,
      eid = {52},
    pages = {52},
      doi = {10.1088/0004-637X/778/1/52},
   adsurl = {http://adsabs.harvard.edu/abs/2013ApJ...778...52S},
  adsnote = {Provided by the SAO/NASA Astrophysics Data System}
}

%---------- Rexcess
@ARTICLE{Pratt2010,
   author = {{Pratt}, G.~W. and {Arnaud}, M. and {Piffaretti}, R. and {B{\"o}hringer}, H. and 
	{Ponman}, T.~J. and {Croston}, J.~H. and {Voit}, G.~M. and {Borgani}, S. and 
	{Bower}, R.~G.},
    title = "{Gas entropy in a representative sample of nearby X-ray galaxy clusters (REXCESS): relationship to gas mass fraction}",
  journal = {\aap},
archivePrefix = "arXiv",
   eprint = {0909.3776},
 keywords = {X-rays: galaxies: clusters, galaxies: cluster: general, cosmology: observations},
     year = 2010,
    month = feb,
   volume = 511,
      eid = {A85},
    pages = {A85},
      doi = {10.1051/0004-6361/200913309},
   adsurl = {http://adsabs.harvard.edu/abs/2010A%26A...511A..85P},
  adsnote = {Provided by the SAO/NASA Astrophysics Data System}
}

%---------- Rexcess
@ARTICLE{Bohringer2007,
   author = {{B{\"o}hringer}, H. and {Schuecker}, P. and {Pratt}, G.~W. and 
	{Arnaud}, M. and {Ponman}, T.~J. and {Croston}, J.~H. and {Borgani}, S. and 
	{Bower}, R.~G. and {Briel}, U.~G. and {Collins}, C.~A. and {Donahue}, M. and 
	{Forman}, W.~R. and {Finoguenov}, A. and {Geller}, M.~J. and 
	{Guzzo}, L. and {Henry}, J.~P. and {Kneissl}, R. and {Mohr}, J.~J. and 
	{Matsushita}, K. and {Mullis}, C.~R. and {Ohashi}, T. and {Pedersen}, K. and 
	{Pierini}, D. and {Quintana}, H. and {Raychaudhury}, S. and 
	{Reiprich}, T.~H. and {Romer}, A.~K. and {Rosati}, P. and {Sabirli}, K. and 
	{Temple}, R.~F. and {Viana}, P.~T.~P. and {Vikhlinin}, A. and 
	{Voit}, G.~M. and {Zhang}, Y.-Y.},
    title = "{The representative XMM-Newton cluster structure survey (REXCESS) of an X-ray luminosity selected galaxy cluster sample}",
  journal = {\aap},
   eprint = {astro-ph/0703553},
 keywords = {X-rays: galaxies: clusters, galaxies: clusters: general, cosmology: observations},
     year = 2007,
    month = jul,
   volume = 469,
    pages = {363-377},
      doi = {10.1051/0004-6361:20066740},
   adsurl = {http://adsabs.harvard.edu/abs/2007A%26A...469..363B},
  adsnote = {Provided by the SAO/NASA Astrophysics Data System}
}

%---------- ACCEPT
@ARTICLE{Cavagnolo2009,
   author = {{Cavagnolo}, K.~W. and {Donahue}, M. and {Voit}, G.~M. and {Sun}, M.
	},
    title = "{Intracluster Medium Entropy Profiles for a Chandra Archival Sample of Galaxy Clusters}",
  journal = {\apjs},
archivePrefix = "arXiv",
   eprint = {0902.1802},
 primaryClass = "astro-ph.CO",
 keywords = {astronomical data bases: miscellaneous, cooling flows, X-rays: galaxies: clusters, X-rays: general},
     year = 2009,
    month = may,
   volume = 182,
    pages = {12-32},
      doi = {10.1088/0067-0049/182/1/12},
   adsurl = {http://adsabs.harvard.edu/abs/2009ApJS..182...12C},
  adsnote = {Provided by the SAO/NASA Astrophysics Data System}
}

%----------ROSAT
@ARTICLE{Ebeling2001,
   author = {{Ebeling}, H. and {Jones}, L.~R. and {Fairley}, B.~W. and {Perlman}, E. and 
	{Scharf}, C. and {Horner}, D.},
    title = "{Discovery of a Very X-Ray Luminous Galaxy Cluster at Z=0.89 in the Wide Angle ROSAT Pointed Survey}",
  journal = {\apjl},
   eprint = {astro-ph/0012175},
 keywords = {Cosmology: Observations, Galaxies: Clusters: General, Galaxies: Clusters: Individual: Alphanumeric: Cl J1226.9+3332, : Alphanumeric: Cl J0152.7-1357, X-Rays: General},
     year = 2001,
    month = feb,
   volume = 548,
    pages = {L23-L27},
      doi = {10.1086/318915},
   adsurl = {http://adsabs.harvard.edu/abs/2001ApJ...548L..23E},
  adsnote = {Provided by the SAO/NASA Astrophysics Data System}
}

%---------- Lensing CLJ1227
@ARTICLE{Jee2009,
   author = {{Jee}, M.~J. and {Tyson}, J.~A.},
    title = "{Dark Matter in the Galaxy Cluster CL J1226+3332 at z = 0.89}",
  journal = {\apj},
archivePrefix = "arXiv",
   eprint = {0810.0709},
 keywords = {cosmology: observations, dark matter, galaxies: clusters: individual: CL J1226+3332, galaxies: high-redshift, gravitational lensing, X-rays: galaxies: clusters},
     year = 2009,
    month = feb,
   volume = 691,
    pages = {1337-1347},
      doi = {10.1088/0004-637X/691/2/1337},
   adsurl = {http://adsabs.harvard.edu/abs/2009ApJ...691.1337J},
  adsnote = {Provided by the SAO/NASA Astrophysics Data System}
}

%---------- Xray Tx CLJ1227
@ARTICLE{Maughan2007,
   author = {{Maughan}, B.~J. and {Jones}, C. and {Jones}, L.~R. and {Van Speybroeck}, L.
	},
    title = "{Deep XMM-Newton and Chandra Observations of Cl J1226.9+3332: A Detailed X-Ray Mass Analysis of a z = 0.89 Galaxy Cluster}",
  journal = {\apj},
   eprint = {astro-ph/0609690},
 keywords = {Cosmology: Observations, Galaxies: Clusters: General, Galaxies: Clusters: Individual: Alphanumeric: Cl J1226.9+3332, Galaxies: High-Redshift, Galaxies: Intergalactic Medium, X-Rays: Galaxies},
     year = 2007,
    month = apr,
   volume = 659,
    pages = {1125-1137},
      doi = {10.1086/512669},
   adsurl = {http://adsabs.harvard.edu/abs/2007ApJ...659.1125M},
  adsnote = {Provided by the SAO/NASA Astrophysics Data System}
}

%---------- Mustang
@ARTICLE{Korngut2011,
   author = {{Korngut}, P.~M. and {Dicker}, S.~R. and {Reese}, E.~D. and 
	{Mason}, B.~S. and {Devlin}, M.~J. and {Mroczkowski}, T. and 
	{Sarazin}, C.~L. and {Sun}, M. and {Sievers}, J.},
    title = "{MUSTANG High Angular Resolution Sunyaev-Zel'dovich Effect Imaging of Substructure in Four Galaxy Clusters}",
  journal = {\apj},
archivePrefix = "arXiv",
   eprint = {1010.5494},
 primaryClass = "astro-ph.CO",
 keywords = {cosmic background radiation, galaxies: clusters: individual: RXJ1347{\ndash}1145 CL1226+3332 A1835 MACS0744.8+3927},
     year = 2011,
    month = jun,
   volume = 734,
      eid = {10},
    pages = {10},
      doi = {10.1088/0004-637X/734/1/10},
   adsurl = {http://adsabs.harvard.edu/abs/2011ApJ...734...10K},
  adsnote = {Provided by the SAO/NASA Astrophysics Data System}
}

%---------- MACSJ0717 subgroups
@ARTICLE{Ma2009,
   author = {{Ma}, C.-J. and {Ebeling}, H. and {Barrett}, E.},
    title = "{An X-Ray/Optical Study of the Complex Dynamics of the Core of the Massive Intermediate-Redshift Cluster MACSJ0717.5+3745}",
  journal = {\apjl},
archivePrefix = "arXiv",
   eprint = {0901.4783},
 primaryClass = "astro-ph.CO",
 keywords = {galaxies: clusters: individual: MACSJ0717.5+3745, X-rays: galaxies: clusters},
     year = 2009,
    month = mar,
   volume = 693,
    pages = {L56-L60},
      doi = {10.1088/0004-637X/693/2/L56},
   adsurl = {http://adsabs.harvard.edu/abs/2009ApJ...693L..56M},
  adsnote = {Provided by the SAO/NASA Astrophysics Data System}
}

%---------- kSZ paper
@ARTICLE{Sunyaev1980,
   author = {{Sunyaev}, R.~A. and {Zeldovich}, I.~B.},
    title = "{The velocity of clusters of galaxies relative to the microwave background - The possibility of its measurement}",
  journal = {\mnras},
 keywords = {Background Radiation, Galactic Clusters, Microwave Emission, Polarized Radiation, Velocity Measurement, Background Noise, Cosmic Gases, Cosmology},
     year = 1980,
    month = feb,
   volume = 190,
    pages = {413-420},
      doi = {10.1093/mnras/190.3.413},
   adsurl = {http://adsabs.harvard.edu/abs/1980MNRAS.190..413S},
  adsnote = {Provided by the SAO/NASA Astrophysics Data System}
}

%---------- Lensing MACSJ0717
@ARTICLE{Limousin2015,
   author = {{Limousin}, M. and {Richard}, J. and {Jullo}, E. and {Jauzac}, M. and 
	{Ebeling}, H. and {Bonamigo}, M. and {Alavi}, A. and {Cl{\'e}ment}, B. and 
	{Giocoli}, C. and {Kneib}, J.-P. and {Verdugo}, T. and {Natarajan}, P. and 
	{Siana}, B. and {Atek}, H. and {Rexroth}, M.},
    title = "{Strong-lensing analysis of MACS J0717.5+3745 from Hubble Frontier Fields observations: How well can the mass distribution be constrained?}",
  journal = {\aap},
archivePrefix = "arXiv",
   eprint = {1510.08077},
 keywords = {gravitational lensing: strong, galaxies: clusters: individual: MACS J0717.5+3745},
     year = 2016,
    month = apr,
   volume = 588,
      eid = {A99},
    pages = {A99},
      doi = {10.1051/0004-6361/201527638},
   adsurl = {http://adsabs.harvard.edu/abs/2016A%26A...588A..99L},
  adsnote = {Provided by the SAO/NASA Astrophysics Data System}
}

%---------- Radio MACSJ0717
@ARTICLE{vanWeeren2017,
   author = {{van Weeren}, R.~J. and {Ogrean}, G.~A. and {Jones}, C. and 
	{Forman}, W.~R. and {Andrade-Santos}, F. and {Pearce}, C.~J.~J. and 
	{Bonafede}, A. and {Br{\"u}ggen}, M. and {Bulbul}, E. and {Clarke}, T.~E. and 
	{Churazov}, E. and {David}, L. and {Dawson}, W.~A. and {Donahue}, M. and 
	{Goulding}, A. and {Kraft}, R.~P. and {Mason}, B. and {Merten}, J. and 
	{Mroczkowski}, T. and {Nulsen}, P.~E.~J. and {Rosati}, P. and 
	{Roediger}, E. and {Randall}, S.~W. and {Sayers}, J. and {Umetsu}, K. and 
	{Vikhlinin}, A. and {Zitrin}, A.},
    title = "{Chandra and JVLA Observations of HST Frontier Fields Cluster MACS J0717.5+3745}",
  journal = {\apj},
archivePrefix = "arXiv",
   eprint = {1701.04096},
 keywords = {galaxies: clusters: individual: MACS J0717.5+3745, galaxies: clusters: intracluster medium, radiation mechanisms: non-thermal, X-rays: galaxies: clusters},
     year = 2017,
    month = feb,
   volume = 835,
      eid = {197},
    pages = {197},
      doi = {10.3847/1538-4357/835/2/197},
   adsurl = {http://adsabs.harvard.edu/abs/2017ApJ...835..197V},
  adsnote = {Provided by the SAO/NASA Astrophysics Data System}
}

%---------- Scaling law calibration
@ARTICLE{Arnaud2007,
      author         = "Arnaud, M. and Pointecouteau, E. and Pratt, G. W.",
      title          = "{Calibration of the galaxy cluster M_500-Y_X relation
                        with XMM-Newton}",
      journal        = "Astron. Astrophys.",
      volume         = "474",
      year           = "2007",
      pages          = "L37",
      doi            = "10.1051/0004-6361:20078541",
      eprint         = "0709.1561",
      archivePrefix  = "arXiv",
      primaryClass   = "astro-ph",
      SLACcitation   = "%%CITATION = ARXIV:0709.1561;%%"
}

%---------- SZ power spectrum
@ARTICLE{Komatsu2002,
      author         = "Komatsu, Eiichiro and Seljak, Uros",
      title          = "{The Sunyaev-Zel'dovich angular power spectrum as a probe
                        of cosmological parameters}",
      journal        = "Mon. Not. Roy. Astron. Soc.",
      volume         = "336",
      year           = "2002",
      pages          = "1256",
      doi            = "10.1046/j.1365-8711.2002.05889.x",
      eprint         = "astro-ph/0205468",
      archivePrefix  = "arXiv",
      primaryClass   = "astro-ph",
      SLACcitation   = "%%CITATION = ASTRO-PH/0205468;%%"
}

%---------- deviations from self-similarity
@ARTICLE{McDonald2014,
      author         = "McDonald, M. and others",
      title          = "{The Redshift Evolution of the Mean Temperature,
                        Pressure, and Entropy Profiles in 80 SPT-Selected Galaxy
                        Clusters}",
      collaboration  = "SPT",
      journal        = "Astrophys. J.",
      volume         = "794",
      year           = "2014",
      number         = "1",
      pages          = "67",
      doi            = "10.1088/0004-637X/794/1/67",
      eprint         = "1404.6250",
      archivePrefix  = "arXiv",
      primaryClass   = "astro-ph.HE",
      reportNumber   = "FERMILAB-PUB-14-375-A",
      SLACcitation   = "%%CITATION = ARXIV:1404.6250;%%"
}

%---------- deviations from hydrostatic equilibrium
@ARTICLE{Ichikawa2013,
      author         = "Ichikawa, Kazuya and others",
      title          = "{Suzaku observations of Abell 1835 outskirts: Deviation
                        from hydrostatic equilibrium}",
      journal        = "Astrophys. J.",
      volume         = "766",
      year           = "2013",
      pages          = "90",
      doi            = "10.1088/0004-637X/766/2/90",
      eprint         = "1302.0095",
      archivePrefix  = "arXiv",
      primaryClass   = "astro-ph.CO",
      SLACcitation   = "%%CITATION = ARXIV:1302.0095;%%"
}

%---------- Non-thermal pressure
@ARTICLE{Siegel2016,
      author         = "Siegel, Seth R. and others",
      title          = "{Constraints on the Mass, Concentration, and Nonthermal
                        Pressure Support of Six CLASH Clusters from a Joint
                        Analysis of X-ray, SZ, and Lensing Data}",
      year           = "2016",
      eprint         = "1612.05377",
      archivePrefix  = "arXiv",
      primaryClass   = "astro-ph.CO",
      SLACcitation   = "%%CITATION = ARXIV:1612.05377;%%"
}

%---------- Astrophysics on SZ power spectrum
@ARTICLE{Shaw2010,
      author         = "Shaw, Laurie D. and Nagai, Daisuke and Bhattacharya,
                        Suman and Lau, Erwin T.",
      title          = "{Impact of Cluster Physics on the Sunyaev-Zel'dovich
                        Power Spectrum}",
      journal        = "Astrophys. J.",
      volume         = "725",
      year           = "2010",
      pages          = "1452-1465",
      doi            = "10.1088/0004-637X/725/2/1452",
      eprint         = "1006.1945",
      archivePrefix  = "arXiv",
      primaryClass   = "astro-ph.CO",
      SLACcitation   = "%%CITATION = ARXIV:1006.1945;%%"
}

%---------- Galaxy cluster merging rate
@ARTICLE{Fakhouri2010,
   author = {{Fakhouri}, O. and {Ma}, C.-P. and {Boylan-Kolchin}, M.},
    title = "{The merger rates and mass assembly histories of dark matter haloes in the two Millennium simulations}",
  journal = {\mnras},
archivePrefix = "arXiv",
   eprint = {1001.2304},
 primaryClass = "astro-ph.CO",
 keywords = {galaxies: formation, cosmology: theory, dark matter, large-scale structure of Universe},
     year = 2010,
    month = aug,
   volume = 406,
    pages = {2267-2278},
      doi = {10.1111/j.1365-2966.2010.16859.x},
   adsurl = {http://adsabs.harvard.edu/abs/2010MNRAS.406.2267F},
  adsnote = {Provided by the SAO/NASA Astrophysics Data System}
}

%---------- Radio relic 
@ARTICLE{vanWeeren2010,
      author         = "van Weeren, R. J. and Rottgering, H. J. A. and Bruggen,
                        M. and Hoeft, M.",
      title          = "{Particle Acceleration on Megaparsec Scales in a Merging
                        Galaxy Cluster}",
      journal        = "Science",
      volume         = "330",
      year           = "2010",
      pages          = "347",
      doi            = "10.1126/science.1194293",
      eprint         = "1010.4306",
      archivePrefix  = "arXiv",
      primaryClass   = "astro-ph.CO",
      SLACcitation   = "%%CITATION = ARXIV:1010.4306;%%"
}

%---------- gNFW
@ARTICLE{Nagai2007,
   author = {{Nagai}, D. and {Vikhlinin}, A. and {Kravtsov}, A.~V.},
    title = "{Testing X-Ray Measurements of Galaxy Clusters with Cosmological Simulations}",
  journal = {\apj},
   eprint = {astro-ph/0609247},
 keywords = {Cosmology: Theory, Galaxies: Formation, Methods: Numerical},
     year = 2007,
    month = jan,
   volume = 655,
    pages = {98-108},
      doi = {10.1086/509868},
   adsurl = {http://adsabs.harvard.edu/abs/2007ApJ...655...98N},
  adsnote = {Provided by the SAO/NASA Astrophysics Data System}
}

%Merger review
@INPROCEEDINGS{Sarazin2002,
   author = {{Sarazin}, C.~L.},
    title = "{The Physics of Cluster Mergers}",
booktitle = {Merging Processes in Galaxy Clusters},
     year = 2002,
   series = {Astrophysics and Space Science Library},
   volume = 272,
   eprint = {astro-ph/0105418},
   editor = {{Feretti}, L. and {Gioia}, I.~M. and {Giovannini}, G.},
    month = jun,
    pages = {1-38},
      doi = {10.1007/0-306-48096-4_1},
   adsurl = {http://adsabs.harvard.edu/abs/2002ASSL..272....1S},
  adsnote = {Provided by the SAO/NASA Astrophysics Data System}
}

%---------- CLJ1227 profile
@ARTICLE{Romero2017,
   author = {{Romero}, C. and {McWilliam}, M. and {Mac{\i}as-Perez}, J.-F. and 
	{Adam}, R. and {Ade}, P. and {Andre}, P. and {Aussel}, H. and 
	{Beelen}, A. and {Beno{\i}t}, A. and {Bideaud}, A. and {Billot}, N. and 
	{Bourrion}, O. and {Calvo}, M. and {Catalano}, A. and {Coiffard}, G. and 
	{Comis}, B. and {Desert1}, F.~X. and {Doyle}, S. and {Goupy}, J. and 
	{Kramer}, C. and {Lagache}, G. and {Leclercq}, S. and {Lestrade}, J.-F. and 
	{Mauskopf}, P. and {Mayet}, F. and {Monfardini}, A. and {Pascale}, E. and 
	{Perotto}, L. and {Pisano}, G. and {Ponthieu1}, N. and {Reveret}, V. and 
	{Ritacco}, A. and {Roussel}, H. and {Ruppin}, F. and {Schuster}, K. and 
	{Sievers}, A. and {Triqueneaux}, S. and {Tucker}, C. and {Zylka}, R.
	},
    title = "{A multi-instrument non-parametric reconstruction of the electron pressure profile in the galaxy cluster CLJ1226.9+3332}",
  journal = {ArXiv e-prints},
archivePrefix = "arXiv",
   eprint = {1707.06113},
 keywords = {Astrophysics - Cosmology and Nongalactic Astrophysics},
     year = 2017,
    month = jul,
   adsurl = {http://adsabs.harvard.edu/abs/2017arXiv170706113R},
  adsnote = {Provided by the SAO/NASA Astrophysics Data System}
}










