% SZ reference
@ARTICLE{sunyaev1972,
 author={{Sunyaev}, R.~A. and {Zel'dovich}, Y.~B.},
 journal = {\apspr}, 
 volume = 4,
 pages={173},
 year= 1972,
 }

% SZ reference
@ARTICLE{sunyaev1980,
 author={{Sunyaev}, R.~A. and {Zel'dovich}, Y.~B.},
 journal = {\araa}, 
 volume = 18,
 pages={537},
 year= 1980,
 }

% SZ review
@ARTICLE{birkinshaw1999,
   author = {{Birkinshaw}, M.},
    title = "{The Sunyaev-Zel'dovich effect}",
  journal = {\physrep},
   eprint = {arXiv:astro-ph/9808050},
     year = 1999,
    month = mar,
   volume = 310,
    pages = {97-195},
      doi = {10.1016/S0370-1573(98)00080-5},
   adsurl = {http://adsabs.harvard.edu/abs/1999PhR...310...97B},
  adsnote = {Provided by the SAO/NASA Astrophysics Data System}
}

% SZ review
@ARTICLE{carlstrom2002,
   author = {{Carlstrom}, J.~E. and {Holder}, G.~P. and {Reese}, E.~D.},
    title = "{Cosmology with the Sunyaev-Zel'dovich Effect}",
  journal = {\araa},
   eprint = {arXiv:astro-ph/0208192},
 keywords = {galaxy clusters, cosmic microwave background, structure formation, surveys},
     year = 2002,
   volume = 40,
    pages = {643-680},
      doi = {10.1146/annurev.astro.40.060401.093803},
   adsurl = {http://adsabs.harvard.edu/abs/2002ARA%26A..40..643C},
  adsnote = {Provided by the SAO/NASA Astrophysics Data System}
}

% SZ review
@ARTICLE{kitayama2014,
   author = {{Kitayama}, T.},
    title = "{Cosmological and astrophysical implications of the Sunyaev-Zel'dovich effect}",
  journal = {Progress of Theoretical and Experimental Physics},
archivePrefix = "arXiv",
   eprint = {1404.0870},
 keywords = {E50, E63, E64, E65, F12},
     year = 2014,
    month = jun,
   volume = 2014,
   number = 6,
      eid = {06B111},
    pages = {060000},
      doi = {10.1093/ptep/ptu055},
   adsurl = {http://adsabs.harvard.edu/abs/2014PTEP.2014fB111K},
  adsnote = {Provided by the SAO/NASA Astrophysics Data System}
}

%SZ low scatter mass proxy
@ARTICLE{nagai2006,
   author = {{Nagai}, D.},
    title = "{The Impact of Galaxy Formation on the Sunyaev-Zel'dovich Effect of Galaxy Clusters}",
  journal = {\apj},
   eprint = {astro-ph/0512208},
 keywords = {Cosmology: Theory, Galaxies: Clusters: General, Methods: Numerical},
     year = 2006,
    month = oct,
   volume = 650,
    pages = {538-549},
      doi = {10.1086/506467},
   adsurl = {http://adsabs.harvard.edu/abs/2006ApJ...650..538N},
  adsnote = {Provided by the SAO/NASA Astrophysics Data System}
}

%Baryonic physics is complex from simu
@ARTICLE{borgani2011,
   author = {{Borgani}, S. and {Kravtsov}, A.},
    title = "{Cosmological Simulations of Galaxy Clusters}",
  journal = {Advanced Science Letters},
archivePrefix = "arXiv",
   eprint = {0906.4370},
 primaryClass = "astro-ph.CO",
     year = 2011,
    month = feb,
   volume = 4,
    pages = {204-227},
      doi = {10.1166/asl.2011.1209},
   adsurl = {http://adsabs.harvard.edu/abs/2011ASL.....4..204B},
  adsnote = {Provided by the SAO/NASA Astrophysics Data System}
}

%SZ low scatter mass proxy
@ARTICLE{dasilva2004,
   author = {{da Silva}, A.~C. and {Kay}, S.~T. and {Liddle}, A.~R. and {Thomas}, P.~A.
	},
    title = "{Hydrodynamical simulations of the Sunyaev-Zel'dovich effect: cluster scaling relations and X-ray properties}",
  journal = {\mnras},
   eprint = {astro-ph/0308074},
 keywords = {hydrodynamics, methods: numerical, cosmic microwave background, X-rays: galaxies: clusters},
     year = 2004,
    month = mar,
   volume = 348,
    pages = {1401-1408},
      doi = {10.1111/j.1365-2966.2004.07463.x},
   adsurl = {http://adsabs.harvard.edu/abs/2004MNRAS.348.1401D},
  adsnote = {Provided by the SAO/NASA Astrophysics Data System}
}

%SZ is good for mass measurements
@ARTICLE{motl2005,
   author = {{Motl}, P.~M. and {Hallman}, E.~J. and {Burns}, J.~O. and {Norman}, M.~L.
	},
    title = "{The Integrated Sunyaev-Zeldovich Effect as a Superior Method for Measuring the Mass of Clusters of Galaxies}",
  journal = {\apjl},
   eprint = {astro-ph/0502226},
 keywords = {Cosmology: Cosmic Microwave Background, Cosmology: Observations, Galaxies: Clusters: General, Hydrodynamics, Methods: Numerical},
     year = 2005,
    month = apr,
   volume = 623,
    pages = {L63-L66},
      doi = {10.1086/430144},
   adsurl = {http://adsabs.harvard.edu/abs/2005ApJ...623L..63M},
  adsnote = {Provided by the SAO/NASA Astrophysics Data System}
}

%DIABOLO
@ARTICLE{pointecouteau1999,
   author = {{Pointecouteau}, E. and {Giard}, M. and {Benoit}, A. and {D{\'e}sert}, F.~X. and 
	{Aghanim}, N. and {Coron}, N. and {Lamarre}, J.~M. and {Delabrouille}, J.
	},
    title = "{A Sunyaev-Zeldovich Map of the Massive Core in the Luminous X-Ray Cluster RX J1347-1145}",
  journal = {\apjl},
 keywords = {COSMOLOGY: COSMIC MICROWAVE BACKGROUND, COSMOLOGY: OBSERVATIONS, GALAXIES: CLUSTERS: INDIVIDUAL: ALPHANUMERIC: RX J1347-1145, GALAXIES: INTERGALACTIC MEDIUM},
     year = 1999,
    month = jul,
   volume = 519,
    pages = {L115-L118},
      doi = {10.1086/312117},
   adsurl = {http://adsabs.harvard.edu/abs/1999ApJ...519L.115P},
  adsnote = {Provided by the SAO/NASA Astrophysics Data System}
}

%RXJ1347
@ARTICLE{komatsu2001,
   author = {{Komatsu}, E. and {Matsuo}, H. and {Kitayama}, T. and {Hattori}, M. and 
	{Kawabe}, R. and {Kohno}, K. and {Kuno}, N. and {Schindler}, S. and 
	{Suto}, Y. and {Yoshikawa}, K.},
    title = "{Substructures Revealed by the Sunyaev-Zel'dovich Effect at 150 GHz in a High-Resolution Map of RX J1347-1145}",
  journal = {\pasj},
   eprint = {astro-ph/0006293},
 keywords = {COSMIC MICROWAVE BACKGROUND, COSMOLOGY: OBSERVATIONS, DISTANCE SCALE, GALAXIES: CLUSTERS: INDIVIDUAL (RX J1347-1145), X-RAYS: GALAXIES},
     year = 2001,
    month = feb,
   volume = 53,
    pages = {57-62},
      doi = {10.1093/pasj/53.1.57},
   adsurl = {http://adsabs.harvard.edu/abs/2001PASJ...53...57K},
  adsnote = {Provided by the SAO/NASA Astrophysics Data System}
}

%MUSTANG 4 clusters
@ARTICLE{korngut2011,
   author = {{Korngut}, P.~M. and {Dicker}, S.~R. and {Reese}, E.~D. and 
	{Mason}, B.~S. and {Devlin}, M.~J. and {Mroczkowski}, T. and 
	{Sarazin}, C.~L. and {Sun}, M. and {Sievers}, J.},
    title = "{MUSTANG High Angular Resolution Sunyaev-Zel'dovich Effect Imaging of Substructure in Four Galaxy Clusters}",
  journal = {\apj},
archivePrefix = "arXiv",
   eprint = {1010.5494},
 primaryClass = "astro-ph.CO",
 keywords = {cosmic background radiation, galaxies: clusters: individual: RXJ1347{\ndash}1145 CL1226+3332 A1835 MACS0744.8+3927},
     year = 2011,
    month = jun,
   volume = 734,
      eid = {10},
    pages = {10},
      doi = {10.1088/0004-637X/734/1/10},
   adsurl = {http://adsabs.harvard.edu/abs/2011ApJ...734...10K},
  adsnote = {Provided by the SAO/NASA Astrophysics Data System}
}

%MUSTANG clusters
@ARTICLE{young2014,
   author = {{Young}, A.~H. and {Mroczkowski}, T. and {Romero}, C. and {Sayers}, J. and 
	{Balestra}, I. and {Clarke}, T.~E. and {Czakon}, N. and {Devlin}, M. and 
	{Dicker}, S.~R. and {Ferrari}, C. and {Girardi}, M. and {Golwala}, S. and 
	{Intema}, H. and {Korngut}, P.~M. and {Mason}, B.~S. and {Mercurio}, A. and 
	{Nonino}, M. and {Reese}, E.~D. and {Rosati}, P. and {Sarazin}, C. and 
	{Umetsu}, K.},
    title = "{Measurements of the Sunyaev-Zel'dovich Effect in MACS J0647.7+7015 and MACS J1206.2-0847 at High Angular Resolution with MUSTANG}",
  journal = {ArXiv e-prints},
archivePrefix = "arXiv",
   eprint = {1411.0317},
 keywords = {Astrophysics - Cosmology and Nongalactic Astrophysics},
     year = 2014,
    month = nov,
   adsurl = {http://adsabs.harvard.edu/abs/2014arXiv1411.0317Y},
  adsnote = {Provided by the SAO/NASA Astrophysics Data System}
}

%GISMO SZ
@ARTICLE{mroczkowski2015,
   author = {{Mroczkowski}, T. and {Kov{\'a}cs}, A. and {Bulbul}, E. and 
	{Staguhn}, J. and {Benford}, D.~J. and {Clarke}, T.~E. and {van Weeren}, R.~J. and 
	{Intema}, H.~T. and {Randall}, S.},
    title = "{Resolving the Sunyaev-Zel'dovich effect in the Merging \$Planck\$ Cluster PLCK G147.3-16.6 with GISMO+IRAM}",
  journal = {ArXiv e-prints},
archivePrefix = "arXiv",
   eprint = {1501.05051},
 keywords = {Astrophysics - Cosmology and Nongalactic Astrophysics},
     year = 2015,
    month = jan,
   adsurl = {http://adsabs.harvard.edu/abs/2015arXiv150105051M},
  adsnote = {Provided by the SAO/NASA Astrophysics Data System}
}

%Method to model ICM
@ARTICLE{mroczkowski2009,
   author = {{Mroczkowski}, T. and {Bonamente}, M. and {Carlstrom}, J.~E. and 
	{Culverhouse}, T.~L. and {Greer}, C. and {Hawkins}, D. and {Hennessy}, R. and 
	{Joy}, M. and {Lamb}, J.~W. and {Leitch}, E.~M. and {Loh}, M. and 
	{Maughan}, B. and {Marrone}, D.~P. and {Miller}, A. and {Muchovej}, S. and 
	{Nagai}, D. and {Pryke}, C. and {Sharp}, M. and {Woody}, D.},
    title = "{Application of a Self-Similar Pressure Profile to Sunyaev-Zel'Dovich Effect Data from Galaxy Clusters}",
  journal = {\apj},
archivePrefix = "arXiv",
   eprint = {0809.5077},
 keywords = {cosmology: observations, galaxies: clusters: individual: Abell 1835 Abell 1914 CL J1226.9+3332, X-rays: galaxies: clusters},
     year = 2009,
    month = apr,
   volume = 694,
    pages = {1034-1044},
      doi = {10.1088/0004-637X/694/2/1034},
   adsurl = {http://adsabs.harvard.edu/abs/2009ApJ...694.1034M},
  adsnote = {Provided by the SAO/NASA Astrophysics Data System}
}

% NIKA paper
@ARTICLE{monfardini2010,
   author = {{Monfardini}, A. and {Swenson}, L.~J. and {Bideaud}, A. and 
	{D{\'e}sert}, F.~X. and {Yates}, S.~J.~C. and {Benoit}, A. and 
	{Baryshev}, A.~M. and {Baselmans}, J.~J.~A. and {Doyle}, S. and 
	{Klein}, B. and {Roesch}, M. and {Tucker}, C. and {Ade}, P. and 
	{Calvo}, M. and {Camus}, P. and {Giordano}, C. and {Guesten}, R. and 
	{Hoffmann}, C. and {Leclercq}, S. and {Mauskopf}, P. and {Schuster}, K.~F.},
    title = "{NIKA: A millimeter-wave kinetic inductance camera}",
  journal = {\aap},
archivePrefix = "arXiv",
   eprint = {1004.2209},
 primaryClass = "astro-ph.IM",
 keywords = {instrumentation: detectors, submillimeter: general},
     year = 2010,
    month = oct,
   volume = 521,
      eid = {A29},
    pages = {A29},
      doi = {10.1051/0004-6361/201014727},
   adsurl = {http://adsabs.harvard.edu/abs/2010A%26A...521A..29M},
  adsnote = {Provided by the SAO/NASA Astrophysics Data System}
}

%NIKA paper
@ARTICLE{monfardini2011,
   author = {{Monfardini}, A. and {Benoit}, A. and {Bideaud}, A. and {Swenson}, L.~J. and 
	{Cruciani}, A. and {Camus}, P. and {Hoffmann}, C. and {D{\'e}sert}, F.~X. and 
	{Doyle}, S. and {Ade}, P. and {Mauskopf}, P. and {Tucker}, C. and 
	{Roesch}, M. and {Leclercq}, S. and {Schuster}, K.~F. and {Endo}, A. and 
	{Baryshev}, A. and {Baselmans}, J.~J.~A. and {Ferrari}, L. and 
	{Yates}, S.~J.~C. and {Bourrion}, O. and {Macias-Perez}, J. and 
	{Vescovi}, C. and {Calvo}, M. and {Giordano}, C.},
    title = "{A Dual-band Millimeter-wave Kinetic Inductance Camera for the IRAM 30 m Telescope}",
  journal = {\apjs},
archivePrefix = "arXiv",
   eprint = {1102.0870},
 primaryClass = "astro-ph.IM",
 keywords = {instrumentation: detectors, radio continuum: galaxies, radio continuum: general, submillimeter: galaxies, submillimeter: general, techniques: miscellaneous},
     year = 2011,
    month = jun,
   volume = 194,
      eid = {24},
    pages = {24},
      doi = {10.1088/0067-0049/194/2/24},
   adsurl = {http://adsabs.harvard.edu/abs/2011ApJS..194...24M},
  adsnote = {Provided by the SAO/NASA Astrophysics Data System}
}

%NIKA RFDIDQ paper
@ARTICLE{calvo2012,
   author = {{Calvo}, M. and {Roesch}, M. and {D{\'e}sert}, F.-X. and {Monfardini}, A. and 
	{Benoit}, A. and {Mauskopf}, P. and {Ade}, P. and {Boudou}, N. and 
	{Bourrion}, O. and {Camus}, P. and {Cruciani}, A. and {Doyle}, S. and 
	{Hoffmann}, C. and {Leclercq}, S. and {Macias-Perez}, J.~F. and 
	{Ponthieu}, N. and {Schuster}, K.~F. and {Tucker}, C. and {Vescovi}, C.
	},
    title = "{Improved mm-wave photometry for kinetic inductance detectors}",
  journal = {\aap},
 keywords = {instrumentation: detectors, methods: observational, telescopes, techniques: photometric},
     year = 2013,
    month = mar,
   volume = 551,
      eid = {L12},
    pages = {L12},
      doi = {10.1051/0004-6361/201219854},
   adsurl = {http://adsabs.harvard.edu/abs/2013A%26A...551L..12C},
  adsnote = {Provided by the SAO/NASA Astrophysics Data System}
}

%NIKEL paper
@ARTICLE{bourion2011,
      author = {{Bourrion}, O. and {Bideaud}, A. and {Benoit}, A. and {Cruciani}, A. and {Macias-Perez}, J.~F. and {Monfardini}, A. and {Roesch}, M. and {Swenson}, L.~J. and {Vescovi}, C.},
      title          = "{Electronics and data acquisition demonstrator for a kinetic inductance camera}",
      journal        = {JINST},
      volume         = 6,
      pages          = {P06012},
      doi            = {10.1088/1748-0221/6/06/P06012},
      year           = 2011,
      eprint         = {1102.1314},
      archivePrefix  = "arXiv",
      primaryClass   = "astro-ph.IM",
}

@ARTICLE{bourrion2012,
   author = {{Bourrion}, O. and {Vescovi}, C. and {Bouly}, J.~L. and {Benoit}, A. and 
	{Calvo}, M. and {Gallin-Martel}, L. and {Macias-Perez}, J.~F. and 
	{Monfardini}, A.},
    title = "{NIKEL: Electronics and data acquisition for kilopixels kinetic inductance camera}",
  journal = {Journal of Instrumentation},
archivePrefix = "arXiv",
   eprint = {1204.1415},
 primaryClass = "astro-ph.IM",
     year = 2012,
    month = jul,
   volume = 7,
    pages = {7014},
      doi = {10.1088/1748-0221/7/07/P07014},
   adsurl = {http://adsabs.harvard.edu/abs/2012JInst...7.7014B},
  adsnote = {Provided by the SAO/NASA Astrophysics Data System}
}

% Calibration paper
@ARTICLE{catalano2014,
   author = {{Catalano}, A. and {Calvo}, M. and {Ponthieu}, N. and {Adam}, R. and 
	{Adane}, A. and {Ade}, P. and {Andr{\'e}}, P. and {Beelen}, A. and 
	{Belier}, B. and {Beno{\^i}t}, A. and {Bideaud}, A. and {Billot}, N. and 
	{Boudou}, N. and {Bourrion}, O. and {Coiffard}, G. and {Comis}, B. and 
	{D'Addabbo}, A. and {D{\'e}sert}, F.-X. and {Doyle}, S. and 
	{Goupy}, J. and {Kramer}, C. and {Leclercq}, S. and {Mac{\'{\i}}as-P{\'e}rez}, J.~F. and 
	{Martino}, J. and {Mauskopf}, P. and {Mayet}, F. and {Monfardini}, A. and 
	{Pajot}, F. and {Pascale}, E. and {Perotto}, L. and {Rev{\'e}ret}, V. and 
	{Rodriguez}, L. and {Savini}, G. and {Schuster}, K. and {Sievers}, A. and 
	{Tucker}, C. and {Zylka}, R.},
    title = "{Performance and calibration of the NIKA camera at the IRAM 30 m telescope}",
  journal = {\aap},
archivePrefix = "arXiv",
   eprint = {1402.0260},
 primaryClass = "astro-ph.IM",
 keywords = {methods: observational, submillimeter: general, submillimeter: galaxies, submillimeter: ISM},
     year = 2014,
    month = sep,
   volume = 569,
      eid = {A9},
    pages = {A9},
      doi = {10.1051/0004-6361/201423557},
   adsurl = {http://adsabs.harvard.edu/abs/2014A%26A...569A...9C},
  adsnote = {Provided by the SAO/NASA Astrophysics Data System}
}

%First SZ paper
@ARTICLE{adam2013,
   author = {{Adam}, R. and {Comis}, B. and {Mac{\'{\i}}as-P{\'e}rez}, J.~F. and 
	{Adane}, A. and {Ade}, P. and {Andr{\'e}}, P. and {Beelen}, A. and 
	{Belier}, B. and {Beno{\^i}t}, A. and {Bideaud}, A. and {Billot}, N. and 
	{Boudou}, N. and {Bourrion}, O. and {Calvo}, M. and {Catalano}, A. and 
	{Coiffard}, G. and {D'Addabbo}, A. and {D{\'e}sert}, F.-X. and 
	{Doyle}, S. and {Goupy}, J. and {Kramer}, C. and {Leclercq}, S. and 
	{Martino}, J. and {Mauskopf}, P. and {Mayet}, F. and {Monfardini}, A. and 
	{Pajot}, F. and {Pascale}, E. and {Perotto}, L. and {Pointecouteau}, E. and 
	{Ponthieu}, N. and {Rev{\'e}ret}, V. and {Rodriguez}, L. and 
	{Savini}, G. and {Schuster}, K. and {Sievers}, A. and {Tucker}, C. and 
	{Zylka}, R.},
    title = "{First observation of the thermal Sunyaev-Zel'dovich effect with kinetic inductance detectors}",
  journal = {\aap},
archivePrefix = "arXiv",
   eprint = {1310.6237},
 keywords = {instrumentation: detectors, techniques: high angular resolution, galaxies: clusters: individual: RX J1347.5-1145, galaxies: clusters: intracluster medium},
     year = 2014,
    month = sep,
   volume = 569,
      eid = {A66},
    pages = {A66},
      doi = {10.1051/0004-6361/201322902},
   adsurl = {http://adsabs.harvard.edu/abs/2014A%26A...569A..66A},
  adsnote = {Provided by the SAO/NASA Astrophysics Data System}
}

%Second NIKA tSZ paper
@ARTICLE{adam2014,
   author = {{Adam}, R. and {Comis}, B. and {Mac{\'{\i}}as-P{\'e}rez}, J.-F. and 
	{Adane}, A. and {Ade}, P. and {Andr{\'e}}, P. and {Beelen}, A. and 
	{Belier}, B. and {Beno{\^i}t}, A. and {Bideaud}, A. and {Billot}, N. and 
	{Blanquer}, G. and {Bourrion}, O. and {Calvo}, M. and {Catalano}, A. and 
	{Coiffard}, G. and {Cruciani}, A. and {D'Addabbo}, A. and {D{\'e}sert}, F.-X. and 
	{Doyle}, S. and {Goupy}, J. and {Kramer}, C. and {Leclercq}, S. and 
	{Martino}, J. and {Mauskopf}, P. and {Mayet}, F. and {Monfardini}, A. and 
	{Pajot}, F. and {Pascale}, E. and {Perotto}, L. and {Pointecouteau}, E. and 
	{Ponthieu}, N. and {Rev{\'e}ret}, V. and {Ritacco}, A. and {Rodriguez}, L. and 
	{Savini}, G. and {Schuster}, K. and {Sievers}, A. and {Tucker}, C. and 
	{Zylka}, R.},
    title = "{Pressure distribution of the high-redshift cluster of galaxies CL J1226.9+3332 with NIKA}",
  journal = {\aap},
archivePrefix = "arXiv",
   eprint = {1410.2808},
 keywords = {techniques: high angular resolution, galaxies: clusters: individual: CL J1226.9+3332},
     year = 2015,
    month = apr,
   volume = 576,
      eid = {A12},
    pages = {A12},
      doi = {10.1051/0004-6361/201425140},
   adsurl = {http://adsabs.harvard.edu/abs/2015A%26A...576A..12A},
  adsnote = {Provided by the SAO/NASA Astrophysics Data System}
}

% Planck 2015 cosmological parameters
@ARTICLE{planck2014param,
   author = {{Planck Collaboration}},
    title = "{Planck 2015 results. XIII. Cosmological parameters}",
  journal = {ArXiv e-prints},
archivePrefix = "arXiv",
   eprint = {1502.01589},
 keywords = {Astrophysics - Cosmology and Nongalactic Astrophysics},
     year = 2015,
    month = feb,
   adsurl = {http://adsabs.harvard.edu/abs/2015arXiv150201589P},
  adsnote = {Provided by the SAO/NASA Astrophysics Data System}
}

% SPT clusters
@ARTICLE{reichardt2013,
   author = {{Reichardt}, C.~L. and {Stalder}, B. and {Bleem}, L.~E. and 
	{Montroy}, T.~E. and {Aird}, K.~A. and {Andersson}, K. and {Armstrong}, R. and 
	{Ashby}, M.~L.~N. and {Bautz}, M. and {Bayliss}, M. and {Bazin}, G. and 
	{Benson}, B.~A. and {Brodwin}, M. and {Carlstrom}, J.~E. and 
	{Chang}, C.~L. and {Cho}, H.~M. and {Clocchiatti}, A. and {Crawford}, T.~M. and 
	{Crites}, A.~T. and {de Haan}, T. and {Desai}, S. and {Dobbs}, M.~A. and 
	{Dudley}, J.~P. and {Foley}, R.~J. and {Forman}, W.~R. and {George}, E.~M. and 
	{Gladders}, M.~D. and {Gonzalez}, A.~H. and {Halverson}, N.~W. and 
	{Harrington}, N.~L. and {High}, F.~W. and {Holder}, G.~P. and 
	{Holzapfel}, W.~L. and {Hoover}, S. and {Hrubes}, J.~D. and 
	{Jones}, C. and {Joy}, M. and {Keisler}, R. and {Knox}, L. and 
	{Lee}, A.~T. and {Leitch}, E.~M. and {Liu}, J. and {Lueker}, M. and 
	{Luong-Van}, D. and {Mantz}, A. and {Marrone}, D.~P. and {McDonald}, M. and 
	{McMahon}, J.~J. and {Mehl}, J. and {Meyer}, S.~S. and {Mocanu}, L. and 
	{Mohr}, J.~J. and {Murray}, S.~S. and {Natoli}, T. and {Padin}, S. and 
	{Plagge}, T. and {Pryke}, C. and {Rest}, A. and {Ruel}, J. and 
	{Ruhl}, J.~E. and {Saliwanchik}, B.~R. and {Saro}, A. and {Sayre}, J.~T. and 
	{Schaffer}, K.~K. and {Shaw}, L. and {Shirokoff}, E. and {Song}, J. and 
	{Spieler}, H.~G. and {Staniszewski}, Z. and {Stark}, A.~A. and 
	{Story}, K. and {Stubbs}, C.~W. and {{\v S}uhada}, R. and {van Engelen}, A. and 
	{Vanderlinde}, K. and {Vieira}, J.~D. and {Vikhlinin}, A. and 
	{Williamson}, R. and {Zahn}, O. and {Zenteno}, A.},
    title = "{Galaxy Clusters Discovered via the Sunyaev-Zel'dovich Effect in the First 720 Square Degrees of the South Pole Telescope Survey}",
  journal = {\apj},
archivePrefix = "arXiv",
   eprint = {1203.5775},
 primaryClass = "astro-ph.CO",
 keywords = {cosmic background radiation, cosmology: observations, galaxies: clusters: individual, large-scale structure of universe},
     year = 2013,
    month = feb,
   volume = 763,
      eid = {127},
    pages = {127},
      doi = {10.1088/0004-637X/763/2/127},
   adsurl = {http://adsabs.harvard.edu/abs/2013ApJ...763..127R},
  adsnote = {Provided by the SAO/NASA Astrophysics Data System}
}

% ACT clusters
@ARTICLE{bleem2014,
   author = {{Bleem}, L.~E. and {Stalder}, B. and {de Haan}, T. and {Aird}, K.~A. and 
	{Allen}, S.~W. and {Applegate}, D.~E. and {Ashby}, M.~L.~N. and 
	{Bautz}, M. and {Bayliss}, M. and {Benson}, B.~A. and {Bocquet}, S. and 
	{Brodwin}, M. and {Carlstrom}, J.~E. and {Chang}, C.~L. and 
	{Chiu}, I. and {Cho}, H.~M. and {Clocchiatti}, A. and {Crawford}, T.~M. and 
	{Crites}, A.~T. and {Desai}, S. and {Dietrich}, J.~P. and {Dobbs}, M.~A. and 
	{Foley}, R.~J. and {Forman}, W.~R. and {George}, E.~M. and {Gladders}, M.~D. and 
	{Gonzalez}, A.~H. and {Halverson}, N.~W. and {Hennig}, C. and 
	{Hoekstra}, H. and {Holder}, G.~P. and {Holzapfel}, W.~L. and 
	{Hrubes}, J.~D. and {Jones}, C. and {Keisler}, R. and {Knox}, L. and 
	{Lee}, A.~T. and {Leitch}, E.~M. and {Liu}, J. and {Lueker}, M. and 
	{Luong-Van}, D. and {Mantz}, A. and {Marrone}, D.~P. and {McDonald}, M. and 
	{McMahon}, J.~J. and {Meyer}, S.~S. and {Mocanu}, L. and {Mohr}, J.~J. and 
	{Murray}, S.~S. and {Padin}, S. and {Pryke}, C. and {Reichardt}, C.~L. and 
	{Rest}, A. and {Ruel}, J. and {Ruhl}, J.~E. and {Saliwanchik}, B.~R. and 
	{Saro}, A. and {Sayre}, J.~T. and {Schaffer}, K.~K. and {Schrabback}, T. and 
	{Shirokoff}, E. and {Song}, J. and {Spieler}, H.~G. and {Stanford}, S.~A. and 
	{Staniszewski}, Z. and {Stark}, A.~A. and {Story}, K.~T. and 
	{Stubbs}, C.~W. and {Vanderlinde}, K. and {Vieira}, J.~D. and 
	{Vikhlinin}, A. and {Williamson}, R. and {Zahn}, O. and {Zenteno}, A.
	},
    title = "{Galaxy Clusters Discovered via the Sunyaev-Zel'dovich Effect in the 2500-square-degree SPT-SZ survey}",
  journal = {ArXiv e-prints},
archivePrefix = "arXiv",
   eprint = {1409.0850},
 keywords = {Astrophysics - Cosmology and Nongalactic Astrophysics},
     year = 2014,
    month = sep,
   adsurl = {http://adsabs.harvard.edu/abs/2014arXiv1409.0850B},
  adsnote = {Provided by the SAO/NASA Astrophysics Data System}
}

%Model de densite base sur Chandra
@ARTICLE{vikhlinin2006,
   author = {{Vikhlinin}, A. and {Kravtsov}, A. and {Forman}, W. and {Jones}, C. and 
	{Markevitch}, M. and {Murray}, S.~S. and {Van Speybroeck}, L.
	},
    title = "{Chandra Sample of Nearby Relaxed Galaxy Clusters: Mass, Gas Fraction, and Mass-Temperature Relation}",
  journal = {\apj},
   eprint = {astro-ph/0507092},
 keywords = {Cosmology: Observations, Cosmology: Dark Matter, Galaxies: Clusters: General, X-Rays: Galaxies: Clusters},
     year = 2006,
    month = apr,
   volume = 640,
    pages = {691-709},
      doi = {10.1086/500288},
   adsurl = {http://adsabs.harvard.edu/abs/2006ApJ...640..691V},
  adsnote = {Provided by the SAO/NASA Astrophysics Data System}
}

%Deconvolution Xray
@ARTICLE{croston2006,
   author = {{Croston}, J.~H. and {Arnaud}, M. and {Pointecouteau}, E. and 
	{Pratt}, G.~W.},
    title = "{An improved deprojection and PSF-deconvolution technique for galaxy-cluster X-ray surface-brightness profiles}",
  journal = {\aap},
   eprint = {astro-ph/0608700},
 keywords = {galaxies: clusters: general, X-rays: galaxies: clusters},
     year = 2006,
    month = dec,
   volume = 459,
    pages = {1007-1019},
      doi = {10.1051/0004-6361:20065795},
   adsurl = {http://adsabs.harvard.edu/abs/2006A%26A...459.1007C},
  adsnote = {Provided by the SAO/NASA Astrophysics Data System}
}

% ACT clusters
@ARTICLE{hasselfield2013,
   author = {{Hasselfield}, M. and {Hilton}, M. and {Marriage}, T.~A. and 
	{Addison}, G.~E. and {Barrientos}, L.~F. and {Battaglia}, N. and 
	{Battistelli}, E.~S. and {Bond}, J.~R. and {Crichton}, D. and 
	{Das}, S. and {Devlin}, M.~J. and {Dicker}, S.~R. and {Dunkley}, J. and 
	{D{\"u}nner}, R. and {Fowler}, J.~W. and {Gralla}, M.~B. and 
	{Hajian}, A. and {Halpern}, M. and {Hincks}, A.~D. and {Hlozek}, R. and 
	{Hughes}, J.~P. and {Infante}, L. and {Irwin}, K.~D. and {Kosowsky}, A. and 
	{Marsden}, D. and {Menanteau}, F. and {Moodley}, K. and {Niemack}, M.~D. and 
	{Nolta}, M.~R. and {Page}, L.~A. and {Partridge}, B. and {Reese}, E.~D. and 
	{Schmitt}, B.~L. and {Sehgal}, N. and {Sherwin}, B.~D. and {Sievers}, J. and 
	{Sif{\'o}n}, C. and {Spergel}, D.~N. and {Staggs}, S.~T. and 
	{Swetz}, D.~S. and {Switzer}, E.~R. and {Thornton}, R. and {Trac}, H. and 
	{Wollack}, E.~J.},
    title = "{The Atacama Cosmology Telescope: Sunyaev-Zel'dovich selected galaxy clusters at 148 GHz from three seasons of data}",
  journal = {\jcap},
archivePrefix = "arXiv",
   eprint = {1301.0816},
 primaryClass = "astro-ph.CO",
     year = 2013,
    month = jul,
   volume = 7,
      eid = {008},
    pages = {8},
      doi = {10.1088/1475-7516/2013/07/008},
   adsurl = {http://adsabs.harvard.edu/abs/2013JCAP...07..008H},
  adsnote = {Provided by the SAO/NASA Astrophysics Data System}
}

% Planck clusters
@ARTICLE{planck2013catalogue,
   author = {{Planck Collaboration} and {Ade}, P.~A.~R. and {Aghanim}, N. and 
	{Armitage-Caplan}, C. and {Arnaud}, M. and {Ashdown}, M. and 
	{Atrio-Barandela}, F. and {Aumont}, J. and {Aussel}, H. and 
	{Baccigalupi}, C. and et al.},
    title = "{Planck 2013 results. XXIX. Planck catalogue of Sunyaev-Zeldovich sources}",
  journal = {ArXiv e-prints},
archivePrefix = "arXiv",
   eprint = {1303.5089},
 keywords = {Astrophysics - Cosmology and Nongalactic Astrophysics},
     year = 2013,
    month = mar,
   adsurl = {http://adsabs.harvard.edu/abs/2013arXiv1303.5089P},
  adsnote = {Provided by the SAO/NASA Astrophysics Data System}
}

@ARTICLE{planck2013pressure_profile,
   author = {{Planck Collaboration} and {Ade}, P.~A.~R. and {Aghanim}, N. and 
	{Arnaud}, M. and {Ashdown}, M. and {Atrio-Barandela}, F. and 
	{Aumont}, J. and {Baccigalupi}, C. and {Balbi}, A. and {Banday}, A.~J. and et al.},
    title = "{Planck intermediate results. V. Pressure profiles of galaxy clusters from the Sunyaev-Zeldovich effect}",
  journal = {\aap},
archivePrefix = "arXiv",
   eprint = {1207.4061},
 primaryClass = "astro-ph.CO",
 keywords = {cosmology: observations, galaxies: clusters: general, galaxies: clusters: intracluster medium, submillimeter: general, X-rays: general},
     year = 2013,
    month = feb,
   volume = 550,
      eid = {A131},
    pages = {A131},
      doi = {10.1051/0004-6361/201220040},
   adsurl = {http://adsabs.harvard.edu/abs/2013A%26A...550A.131P},
  adsnote = {Provided by the SAO/NASA Astrophysics Data System}
}

%Planck number count
@ARTICLE{planck2013cluster_count,
   author = {{Planck Collaboration} and {Ade}, P.~A.~R. and {Aghanim}, N. and 
	{Armitage-Caplan}, C. and {Arnaud}, M. and {Ashdown}, M. and 
	{Atrio-Barandela}, F. and {Aumont}, J. and {Baccigalupi}, C. and 
	{Banday}, A.~J. and et al.},
    title = "{Planck 2013 results. XX. Cosmology from Sunyaev-Zeldovich cluster counts}",
  journal = {ArXiv e-prints},
archivePrefix = "arXiv",
   eprint = {1303.5080},
 keywords = {Astrophysics - Cosmology and Nongalactic Astrophysics},
     year = 2013,
    month = mar,
   adsurl = {http://adsabs.harvard.edu/abs/2013arXiv1303.5080P},
  adsnote = {Provided by the SAO/NASA Astrophysics Data System}
}

%Planck PSZ2
@ARTICLE{planck2015XXVII,
   author = {{Planck Collaboration} and {Ade}, P.~A.~R. and {Aghanim}, N. and 
	{Arnaud}, M. and {Ashdown}, M. and {Aumont}, J. and {Baccigalupi}, C. and 
	{Banday}, A.~J. and {Barreiro}, R.~B. and {Barrena}, R. and et al.},
    title = "{Planck 2015 results. XXVII. The Second Planck Catalogue of Sunyaev-Zeldovich Sources}",
  journal = {ArXiv e-prints},
archivePrefix = "arXiv",
   eprint = {1502.01598},
 keywords = {Astrophysics - Cosmology and Nongalactic Astrophysics},
     year = 2015,
    month = feb,
   adsurl = {http://adsabs.harvard.edu/abs/2015arXiv150201598P},
  adsnote = {Provided by the SAO/NASA Astrophysics Data System}
}

%Planck y map
@ARTICLE{planck2015XXII,
   author = {{Planck Collaboration} and {Aghanim}, N. and {Arnaud}, M. and 
	{Ashdown}, M. and {Aumont}, J. and {Baccigalupi}, C. and {Banday}, A.~J. and 
	{Barreiro}, R.~B. and {Bartlett}, J.~G. and {Bartolo}, N. and et al.},
    title = "{Planck 2015 results. XXII. A map of the thermal Sunyaev-Zeldovich effect}",
  journal = {ArXiv e-prints},
archivePrefix = "arXiv",
   eprint = {1502.01596},
 keywords = {Astrophysics - Cosmology and Nongalactic Astrophysics},
     year = 2015,
    month = feb,
   adsurl = {http://adsabs.harvard.edu/abs/2015arXiv150201596P},
  adsnote = {Provided by the SAO/NASA Astrophysics Data System}
}

% Pressure is universal
@ARTICLE{arnaud2010,
   author = {{Arnaud}, M. and {Pratt}, G.~W. and {Piffaretti}, R. and {B{\"o}hringer}, H. and 
	{Croston}, J.~H. and {Pointecouteau}, E.},
    title = "{The universal galaxy cluster pressure profile from a representative sample of nearby systems (REXCESS) and the Y$_{SZ}$ - M$_{500}$ relation}",
  journal = {\aap},
archivePrefix = "arXiv",
   eprint = {0910.1234},
 primaryClass = "astro-ph.CO",
 keywords = {cosmology: observations, dark matter, galaxies: clusters: general, intergalactic, medium, X-rays: galaxies: clusters},
     year = 2010,
    month = jul,
   volume = 517,
      eid = {A92},
    pages = {A92},
      doi = {10.1051/0004-6361/200913416},
   adsurl = {http://adsabs.harvard.edu/abs/2010A%26A...517A..92A},
  adsnote = {Provided by the SAO/NASA Astrophysics Data System}
}

% BIMA 30GHz radio source flux
@ARTICLE{coble2007,
   author = {{Coble}, K. and {Bonamente}, M. and {Carlstrom}, J.~E. and {Dawson}, K. and 
	{Hasler}, N. and {Holzapfel}, W. and {Joy}, M. and {La Roque}, S. and 
	{Marrone}, D.~P. and {Reese}, E.~D.},
    title = "{Radio Sources toward Galaxy Clusters at 30 GHz}",
  journal = {\aj},
   eprint = {astro-ph/0608274},
 keywords = {cosmic microwave background, cosmology: observations, galaxies: clusters: general, radio continuum: galaxies},
     year = 2007,
    month = sep,
   volume = 134,
    pages = {897},
      doi = {10.1086/519973},
   adsurl = {http://adsabs.harvard.edu/abs/2007AJ....134..897C},
  adsnote = {Provided by the SAO/NASA Astrophysics Data System}
}

% NVSS radio sources
@ARTICLE{condon1998,
   author = {{Condon}, J.~J. and {Cotton}, W.~D. and {Greisen}, E.~W. and 
	{Yin}, Q.~F. and {Perley}, R.~A. and {Taylor}, G.~B. and {Broderick}, J.~J.
	},
    title = "{The NRAO VLA Sky Survey}",
  journal = {\aj},
 keywords = {CATALOGS, METHODS: DATA ANALYSIS, METHODS: OBSERVATIONAL, RADIO CONTINUUM, SURVEYS},
     year = 1998,
    month = may,
   volume = 115,
    pages = {1693-1716},
      doi = {10.1086/300337},
   adsurl = {http://adsabs.harvard.edu/abs/1998AJ....115.1693C},
  adsnote = {Provided by the SAO/NASA Astrophysics Data System}
}

% Bolocam pressure profile
@ARTICLE{sayers2013b,
   author = {{Sayers}, J. and {Czakon}, N.~G. and {Mantz}, A. and {Golwala}, S.~R. and 
	{Ameglio}, S. and {Downes}, T.~P. and {Koch}, P.~M. and {Lin}, K.-Y. and 
	{Maughan}, B.~J. and {Molnar}, S.~M. and {Moustakas}, L. and 
	{Mroczkowski}, T. and {Pierpaoli}, E. and {Shitanishi}, J.~A. and 
	{Siegel}, S. and {Umetsu}, K. and {Van der Pyl}, N.},
    title = "{Sunyaev-Zel'dovich-measured Pressure Profiles from the Bolocam X-Ray/SZ Galaxy Cluster Sample}",
  journal = {\apj},
archivePrefix = "arXiv",
   eprint = {1211.1632},
 primaryClass = "astro-ph.CO",
 keywords = {galaxies: clusters: general, galaxies: clusters: intracluster medium },
     year = 2013,
    month = may,
   volume = 768,
      eid = {177},
    pages = {177},
      doi = {10.1088/0004-637X/768/2/177},
   adsurl = {http://adsabs.harvard.edu/abs/2013ApJ...768..177S},
  adsnote = {Provided by the SAO/NASA Astrophysics Data System}
}

% Xray structure in clusters
@ARTICLE{guennou2014,
   author = {{Guennou}, L. and {Adami}, C. and {Durret}, F. and {Lima Neto}, G.~B. and 
	{Ulmer}, M.~P. and {Clowe}, D. and {LeBrun}, V. and {Martinet}, N. and 
	{Allam}, S. and {Annis}, J. and {Basa}, S. and {Benoist}, C. and 
	{Biviano}, A. and {Cappi}, A. and {Cypriano}, E.~S. and {Gavazzi}, R. and 
	{Halliday}, C. and {Ilbert}, O. and {Jullo}, E. and {Just}, D. and 
	{Limousin}, M. and {M{\'a}rquez}, I. and {Mazure}, A. and {Murphy}, K.~J. and 
	{Plana}, H. and {Rostagni}, F. and {Russeil}, D. and {Schirmer}, M. and 
	{Slezak}, E. and {Tucker}, D. and {Zaritsky}, D. and {Ziegler}, B.
	},
    title = "{Structure and substructure analysis of DAFT/FADA galaxy clusters in the [0.4-0.9] redshift range}",
  journal = {\aap},
archivePrefix = "arXiv",
   eprint = {1311.6922},
 primaryClass = "astro-ph.CO",
 keywords = {galaxies: clusters: general},
     year = 2014,
    month = jan,
   volume = 561,
      eid = {A112},
    pages = {A112},
      doi = {10.1051/0004-6361/201321208},
   adsurl = {http://adsabs.harvard.edu/abs/2014A%26A...561A.112G},
  adsnote = {Provided by the SAO/NASA Astrophysics Data System}
}

% Radio sources in clusters
@ARTICLE{sayers2013a,
   author = {{Sayers}, J. and {Mroczkowski}, T. and {Czakon}, N.~G. and {Golwala}, S.~R. and 
	{Mantz}, A. and {Ameglio}, S. and {Downes}, T.~P. and {Koch}, P.~M. and 
	{Lin}, K.-Y. and {Molnar}, S.~M. and {Moustakas}, L. and {Muchovej}, S.~J.~C. and 
	{Pierpaoli}, E. and {Shitanishi}, J.~A. and {Siegel}, S. and 
	{Umetsu}, K.},
    title = "{The Contribution of Radio Galaxy Contamination to Measurements of the Sunyaev-Zel'dovich Decrement in Massive Galaxy Clusters at 140 GHz with Bolocam}",
  journal = {\apj},
archivePrefix = "arXiv",
   eprint = {1209.5129},
 primaryClass = "astro-ph.CO",
 keywords = {cosmology: observations, galaxies: clusters: general, radio continuum: galaxies},
     year = 2013,
    month = feb,
   volume = 764,
      eid = {152},
    pages = {152},
      doi = {10.1088/0004-637X/764/2/152},
   adsurl = {http://adsabs.harvard.edu/abs/2013ApJ...764..152S},
  adsnote = {Provided by the SAO/NASA Astrophysics Data System}
}

@ARTICLE{delpopolo2012,
   author = {{Del Popolo}, A.},
    title = "{On the density-profile slope of clusters of galaxies}",
  journal = {\mnras},
archivePrefix = "arXiv",
   eprint = {1204.4439},
 primaryClass = "astro-ph.CO",
 keywords = {galaxies: formation, cosmology: theory, large-scale structure of Universe},
     year = 2012,
    month = jul,
   volume = 424,
    pages = {38-51},
      doi = {10.1111/j.1365-2966.2012.21141.x},
   adsurl = {http://adsabs.harvard.edu/abs/2012MNRAS.424...38D},
  adsnote = {Provided by the SAO/NASA Astrophysics Data System}
}

%Cavities in clusters
@ARTICLE{hlavacek_larrondo2012,
   author = {{Hlavacek-Larrondo}, J. and {Fabian}, A.~C. and {Edge}, A.~C. and 
	{Ebeling}, H. and {Sanders}, J.~S. and {Hogan}, M.~T. and {Taylor}, G.~B.
	},
    title = "{Extreme AGN feedback in the MAssive Cluster Survey: a detailed study of X-ray cavities at z{\gt}0.3}",
  journal = {\mnras},
archivePrefix = "arXiv",
   eprint = {1110.0489},
 primaryClass = "astro-ph.CO",
 keywords = {galaxies: clusters: intracluster medium, galaxies: evolution, galaxies: jets, X-rays: galaxies: clusters},
     year = 2012,
    month = apr,
   volume = 421,
    pages = {1360-1384},
      doi = {10.1111/j.1365-2966.2011.20405.x},
   adsurl = {http://adsabs.harvard.edu/abs/2012MNRAS.421.1360H},
  adsnote = {Provided by the SAO/NASA Astrophysics Data System}
}

%CLASH overview
@ARTICLE{postman2012,
   author = {{Postman}, M. and {Coe}, D. and {Ben{\'{\i}}tez}, N. and {Bradley}, L. and 
	{Broadhurst}, T. and {Donahue}, M. and {Ford}, H. and {Graur}, O. and 
	{Graves}, G. and {Jouvel}, S. and {Koekemoer}, A. and {Lemze}, D. and 
	{Medezinski}, E. and {Molino}, A. and {Moustakas}, L. and {Ogaz}, S. and 
	{Riess}, A. and {Rodney}, S. and {Rosati}, P. and {Umetsu}, K. and 
	{Zheng}, W. and {Zitrin}, A. and {Bartelmann}, M. and {Bouwens}, R. and 
	{Czakon}, N. and {Golwala}, S. and {Host}, O. and {Infante}, L. and 
	{Jha}, S. and {Jimenez-Teja}, Y. and {Kelson}, D. and {Lahav}, O. and 
	{Lazkoz}, R. and {Maoz}, D. and {McCully}, C. and {Melchior}, P. and 
	{Meneghetti}, M. and {Merten}, J. and {Moustakas}, J. and {Nonino}, M. and 
	{Patel}, B. and {Reg{\"o}s}, E. and {Sayers}, J. and {Seitz}, S. and 
	{Van der Wel}, A.},
    title = "{The Cluster Lensing and Supernova Survey with Hubble: An Overview}",
  journal = {\apjs},
archivePrefix = "arXiv",
   eprint = {1106.3328},
 primaryClass = "astro-ph.CO",
 keywords = {dark energy, dark matter, Galaxy: evolution, Galaxy: formation, gravitational lensing: strong, gravitational lensing: weak},
     year = 2012,
    month = apr,
   volume = 199,
      eid = {25},
    pages = {25},
      doi = {10.1088/0067-0049/199/2/25},
   adsurl = {http://adsabs.harvard.edu/abs/2012ApJS..199...25P},
  adsnote = {Provided by the SAO/NASA Astrophysics Data System}
}

%Herschel fluxes
@ARTICLE{rawle2012,
   author = {{Rawle}, T.~D. and {Edge}, A.~C. and {Egami}, E. and {Rex}, M. and 
	{Smith}, G.~P. and {Altieri}, B. and {Fiedler}, A. and {Haines}, C.~P. and 
	{Pereira}, M.~J. and {P{\'e}rez-Gonz{\'a}lez}, P.~G. and {Portouw}, J. and 
	{Valtchanov}, I. and {Walth}, G. and {van der Werf}, P.~P. and 
	{Zemcov}, M.},
    title = "{The Relation between Cool Cluster Cores and Herschel-detected Star Formation in Brightest Cluster Galaxies}",
  journal = {\apj},
archivePrefix = "arXiv",
   eprint = {1201.1294},
 primaryClass = "astro-ph.CO",
 keywords = {galaxies: clusters: general, galaxies: elliptical and lenticular, cD, galaxies: star formation, infrared: galaxies},
     year = 2012,
    month = mar,
   volume = 747,
      eid = {29},
    pages = {29},
      doi = {10.1088/0004-637X/747/1/29},
   adsurl = {http://adsabs.harvard.edu/abs/2012ApJ...747...29R},
  adsnote = {Provided by the SAO/NASA Astrophysics Data System}
}

% Chandra pressure core
@ARTICLE{comis2011,
   author = {{Comis}, B. and {de Petris}, M. and {Conte}, A. and {Lamagna}, L. and 
	{de Gregori}, S.},
    title = "{X-ray calibration of Sunyaev-Zel'dovich scaling relations with the ACCEPT catalogue of galaxy clusters observed by Chandra}",
  journal = {\mnras},
archivePrefix = "arXiv",
   eprint = {1108.1029},
 primaryClass = "astro-ph.CO",
 keywords = {galaxies: clusters: intracluster medium, large-scale structure of Universe, X-rays: galaxies: clusters},
     year = 2011,
    month = dec,
   volume = 418,
    pages = {1089-1101},
      doi = {10.1111/j.1365-2966.2011.19562.x},
   adsurl = {http://adsabs.harvard.edu/abs/2011MNRAS.418.1089C},
  adsnote = {Provided by the SAO/NASA Astrophysics Data System}
}

%Strong lensing mass model
@ARTICLE{zitrin2011,
   author = {{Zitrin}, A. and {Broadhurst}, T. and {Barkana}, R. and {Rephaeli}, Y. and 
	{Ben{\'{\i}}tez}, N.},
    title = "{Strong-lensing analysis of a complete sample of 12 MACS clusters at z {\gt} 0.5: mass models and Einstein radii}",
  journal = {\mnras},
archivePrefix = "arXiv",
   eprint = {1002.0521},
 primaryClass = "astro-ph.CO",
 keywords = {gravitational lensing: strong, galaxies: clusters: general, galaxies: clusters: individual: MACS z {\gt} 0.5 sample, dark matter},
     year = 2011,
    month = jan,
   volume = 410,
    pages = {1939-1956},
      doi = {10.1111/j.1365-2966.2010.17574.x},
   adsurl = {http://adsabs.harvard.edu/abs/2011MNRAS.410.1939Z},
  adsnote = {Provided by the SAO/NASA Astrophysics Data System}
}

%3D non spherical modeling
@ARTICLE{morandi2010,
   author = {{Morandi}, A. and {Pedersen}, K. and {Limousin}, M.},
    title = "{Unveiling the Three-dimensional Structure of Galaxy Clusters: Resolving the Discrepancy Between X-ray and Lensing Masses}",
  journal = {\apj},
archivePrefix = "arXiv",
   eprint = {0912.2648},
 keywords = {cosmology: observations, galaxies: clusters: general, galaxies: clusters: individual: MACS J1423.8+2404, gravitational lensing: strong, gravitational lensing: weak, X-rays: galaxies: clusters},
     year = 2010,
    month = apr,
   volume = 713,
    pages = {491-502},
      doi = {10.1088/0004-637X/713/1/491},
   adsurl = {http://adsabs.harvard.edu/abs/2010ApJ...713..491M},
  adsnote = {Provided by the SAO/NASA Astrophysics Data System}
}

%SL mass model
@ARTICLE{limousin2010,
   author = {{Limousin}, M. and {Ebeling}, H. and {Ma}, C.-J. and {Swinbank}, A.~M. and 
	{Smith}, G.~P. and {Richard}, J. and {Edge}, A.~C. and {Jauzac}, M. and 
	{Kneib}, J.-P. and {Marshall}, P. and {Schrabback}, T.},
    title = "{MACS J1423.8+2404: gravitational lensing by a massive, relaxed cluster of galaxies at z = 0.54}",
  journal = {\mnras},
archivePrefix = "arXiv",
   eprint = {0911.4125},
 primaryClass = "astro-ph.CO",
 keywords = {gravitational lensing, galaxies: clusters: individual: MACS J1423.8+2404},
     year = 2010,
    month = jun,
   volume = 405,
    pages = {777-782},
      doi = {10.1111/j.1365-2966.2010.16518.x},
   adsurl = {http://adsabs.harvard.edu/abs/2010MNRAS.405..777L},
  adsnote = {Provided by the SAO/NASA Astrophysics Data System}
}

% SZ with BIMA
@ARTICLE{laroque2003,
   author = {{LaRoque}, S.~J. and {Joy}, M. and {Carlstrom}, J.~E. and {Ebeling}, H. and 
	{Bonamente}, M. and {Dawson}, K.~S. and {Edge}, A. and {Holzapfel}, W.~L. and 
	{Miller}, A.~D. and {Nagai}, D. and {Patel}, S.~K. and {Reese}, E.~D.
	},
    title = "{Sunyaev-Zeldovich Effect Imaging of MACS Galaxy Clusters at z{\gt}0.5}",
  journal = {\apj},
 keywords = {Cosmology: Cosmic Microwave Background, Cosmology: Observations- Galaxies: Clusters: General, Submillimeter, Techniques: Interferometric, X-Rays: Galaxies: Clusters},
     year = 2003,
    month = feb,
   volume = 583,
    pages = {559-565},
      doi = {10.1086/345500},
   adsurl = {http://adsabs.harvard.edu/abs/2003ApJ...583..559L},
  adsnote = {Provided by the SAO/NASA Astrophysics Data System}
}

@ARTICLE{kartaltepe2008,
   author = {{Kartaltepe}, J.~S. and {Ebeling}, H. and {Ma}, C.~J. and {Donovan}, D.
	},
    title = "{Probing the large-scale structure around the most distant galaxy clusters from the massive cluster survey}",
  journal = {\mnras},
archivePrefix = "arXiv",
   eprint = {0806.4019},
 keywords = {galaxies: clusters: general , large-scale structure of Universe , X-rays: galaxies: clusters},
     year = 2008,
    month = sep,
   volume = 389,
    pages = {1240-1248},
      doi = {10.1111/j.1365-2966.2008.13620.x},
   adsurl = {http://adsabs.harvard.edu/abs/2008MNRAS.389.1240K},
  adsnote = {Provided by the SAO/NASA Astrophysics Data System}
}

%XMM data
@ARTICLE{connor2014,
   author = {{Connor}, T. and {Donahue}, M. and {Sun}, M. and {Hoekstra}, H. and 
	{Mahdavi}, A. and {Conselice}, C.~J. and {McNamara}, B.},
    title = "{Scaling Relations and X-Ray Properties of Moderate-luminosity Galaxy Clusters from 0.3 {\lt} z {\lt} 0.6 with XMM-Newton}",
  journal = {\apj},
archivePrefix = "arXiv",
   eprint = {1409.1590},
 keywords = {galaxies: clusters: general, X-rays: galaxies: clusters},
     year = 2014,
    month = oct,
   volume = 794,
      eid = {48},
    pages = {48},
      doi = {10.1088/0004-637X/794/1/48},
   adsurl = {http://cdsads.u-strasbg.fr/abs/2014ApJ...794...48C},
  adsnote = {Provided by the SAO/NASA Astrophysics Data System}
}

%Chandra data
@ARTICLE{allen2004,
   author = {{Allen}, S.~W. and {Schmidt}, R.~W. and {Ebeling}, H. and {Fabian}, A.~C. and 
	{van Speybroeck}, L.},
    title = "{Constraints on dark energy from Chandra observations of the largest relaxed galaxy clusters}",
  journal = {\mnras},
   eprint = {astro-ph/0405340},
 keywords = {gravitational lensing, cosmic microwave background, cosmological parameters, dark matter, X-rays: galaxies: clusters},
     year = 2004,
    month = sep,
   volume = 353,
    pages = {457-467},
      doi = {10.1111/j.1365-2966.2004.08080.x},
   adsurl = {http://adsabs.harvard.edu/abs/2004MNRAS.353..457A},
  adsnote = {Provided by the SAO/NASA Astrophysics Data System}
}

%XMM versus Chandra
@ARTICLE{schellenberger2015,
   author = {{Schellenberger}, G. and {Reiprich}, T.~H. and {Lovisari}, L. and 
	{Nevalainen}, J. and {David}, L.},
    title = "{XMM-Newton and Chandra cross-calibration using HIFLUGCS galaxy clusters . Systematic temperature differences and cosmological impact}",
  journal = {\aap},
archivePrefix = "arXiv",
   eprint = {1404.7130},
 keywords = {X-rays: galaxies: clusters, instrumentation: miscellaneous, galaxies: clusters: intracluster medium, techniques: spectroscopic},
     year = 2015,
    month = mar,
   volume = 575,
      eid = {A30},
    pages = {A30},
      doi = {10.1051/0004-6361/201424085},
   adsurl = {http://adsabs.harvard.edu/abs/2015A%26A...575A..30S},
  adsnote = {Provided by the SAO/NASA Astrophysics Data System}
}

% ACCEPT catalog
@ARTICLE{cavagnolo2009,
   author = {{Cavagnolo}, K.~W. and {Donahue}, M. and {Voit}, G.~M. and {Sun}, M.
	},
    title = "{Intracluster Medium Entropy Profiles for a Chandra Archival Sample of Galaxy Clusters}",
  journal = {\apjs},
archivePrefix = "arXiv",
   eprint = {0902.1802},
 primaryClass = "astro-ph.CO",
 keywords = {astronomical data bases: miscellaneous, cooling flows, X-rays: galaxies: clusters, X-rays: general},
     year = 2009,
    month = may,
   volume = 182,
    pages = {12-32},
      doi = {10.1088/0067-0049/182/1/12},
   adsurl = {http://cdsads.u-strasbg.fr/abs/2009ApJS..182...12C},
  adsnote = {Provided by the SAO/NASA Astrophysics Data System}
}

%POKER
@ARTICLE{ponthieu2011,
   author = {{Ponthieu}, N. and {Grain}, J. and {Lagache}, G.},
    title = "{POKER: estimating the power spectrum of diffuse emission with complex masks and at high angular resolution}",
  journal = {\aap},
archivePrefix = "arXiv",
   eprint = {1111.0766},
 primaryClass = "astro-ph.CO",
 keywords = {methods: numerical, cosmic background radiation, methods: data analysis, infrared: diffuse background, ISM: structure, submillimeter: diffuse background},
     year = 2011,
    month = nov,
   volume = 535,
      eid = {A90},
    pages = {A90},
      doi = {10.1051/0004-6361/201117098},
   adsurl = {http://adsabs.harvard.edu/abs/2011A%26A...535A..90P},
  adsnote = {Provided by the SAO/NASA Astrophysics Data System}
}

% Radio source
@ARTICLE{bonamente2012,
   author = {{Bonamente}, M. and {Hasler}, N. and {Bulbul}, E. and {Carlstrom}, J.~E. and 
	{Culverhouse}, T.~L. and {Gralla}, M. and {Greer}, C. and {Hawkins}, D. and 
	{Hennessy}, R. and {Joy}, M. and {Kolodziejczak}, J. and {Lamb}, J.~W. and 
	{Landry}, D. and {Leitch}, E.~M. and {Marrone}, D.~P. and {Miller}, A. and 
	{Mroczkowski}, T. and {Muchovej}, S. and {Plagge}, T. and {Pryke}, C. and 
	{Sharp}, M. and {Woody}, D.},
    title = "{Comparison of pressure profiles of massive relaxed galaxy clusters using the Sunyaev-Zel'dovich and x-ray data}",
  journal = {New Journal of Physics},
archivePrefix = "arXiv",
   eprint = {1112.1599},
 primaryClass = "astro-ph.CO",
     year = 2012,
    month = feb,
   volume = 14,
   number = 2,
      eid = {025010},
    pages = {025010},
      doi = {10.1088/1367-2630/14/2/025010},
   adsurl = {http://adsabs.harvard.edu/abs/2012NJPh...14b5010B},
  adsnote = {Provided by the SAO/NASA Astrophysics Data System}
}

%MACS clusters
@ARTICLE{ebeling2001,
   author = {{Ebeling}, H. and {Edge}, A.~C. and {Henry}, J.~P.},
    title = "{MACS: A Quest for the Most Massive Galaxy Clusters in the Universe}",
  journal = {\apj},
   eprint = {astro-ph/0009101},
 keywords = {Cosmology: Observations, Galaxies: Clusters: General, Surveys, X-Rays: General},
     year = 2001,
    month = jun,
   volume = 553,
    pages = {668-676},
      doi = {10.1086/320958},
   adsurl = {http://adsabs.harvard.edu/abs/2001ApJ...553..668E},
  adsnote = {Provided by the SAO/NASA Astrophysics Data System}
}

%gNFW
@ARTICLE{nagai2007,
   author = {{Nagai}, D. and {Vikhlinin}, A. and {Kravtsov}, A.~V.},
    title = "{Testing X-Ray Measurements of Galaxy Clusters with Cosmological Simulations}",
  journal = {\apj},
   eprint = {arXiv:astro-ph/0609247},
 keywords = {Cosmology: Theory, Galaxies: Formation, Methods: Numerical},
     year = 2007,
    month = jan,
   volume = 655,
    pages = {98-108},
      doi = {10.1086/509868},
   adsurl = {http://adsabs.harvard.edu/abs/2007ApJ...655...98N},
  adsnote = {Provided by the SAO/NASA Astrophysics Data System}
}

%beta model
@ARTICLE{cavaliere1978,
   author = {{Cavaliere}, A. and {Fusco-Femiano}, R.},
    title = "{The Distribution of Hot Gas in Clusters of Galaxies}",
  journal = {\aap},
     year = 1978,
    month = nov,
   volume = 70,
    pages = {677},
   adsurl = {http://adsabs.harvard.edu/abs/1978A%26A....70..677C},
  adsnote = {Provided by the SAO/NASA Astrophysics Data System}
}

%Entropy def
@ARTICLE{voit2005,
   author = {{Voit}, G.~M.},
    title = "{Tracing cosmic evolution with clusters of galaxies}",
  journal = {Reviews of Modern Physics},
   eprint = {astro-ph/0410173},
 keywords = {Origin and formation of the Universe, Galaxy clusters, Superclusters, large-scale structure of the Universe, Particle-theory and field-theory models of the early Universe, Observational cosmology, Dark matter, Star formation, Relativity and gravitation, Elementary particle processes, Supernovae, Active and peculiar galaxies and related systems, Galactic nuclei circumnuclear matter and bulges, Surveys and tutorial papers, resource letters, Background radiations},
     year = 2005,
    month = apr,
   volume = 77,
    pages = {207-258},
      doi = {10.1103/RevModPhys.77.207},
   adsurl = {http://adsabs.harvard.edu/abs/2005RvMP...77..207V},
  adsnote = {Provided by the SAO/NASA Astrophysics Data System}
}

%Relativistic corrections
@ARTICLE{itoh1998,
   author = {{Itoh}, N. and {Kohyama}, Y. and {Nozawa}, S.},
    title = "{Relativistic Corrections to the Sunyaev-Zeldovich Effect for Clusters of Galaxies}",
  journal = {\apj},
   eprint = {arXiv:astro-ph/9712289},
 keywords = {COSMOLOGY: COSMIC MICROWAVE BACKGROUND, COSMOLOGY: THEORY, COSMOLOGY: DISTANCE SCALE, GALAXIES: CLUSTERS: GENERAL, RADIATION MECHANISMS: NONTHERMAL, RELATIVITY},
     year = 1998,
    month = jul,
   volume = 502,
    pages = {7},
      doi = {10.1086/305876},
   adsurl = {http://adsabs.harvard.edu/abs/1998ApJ...502....7I},
  adsnote = {Provided by the SAO/NASA Astrophysics Data System}
}

%Herschel Lensing project
@ARTICLE{egami2010,
   author = {{Egami}, E. and {Rex}, M. and {Rawle}, T.~D. and {P{\'e}rez-Gonz{\'a}lez}, P.~G. and 
	{Richard}, J. and {Kneib}, J.-P. and {Schaerer}, D. and {Altieri}, B. and 
	{Valtchanov}, I. and {Blain}, A.~W. and {Fadda}, D. and {Zemcov}, M. and 
	{Bock}, J.~J. and {Boone}, F. and {Bridge}, C.~R. and {Clement}, B. and 
	{Combes}, F. and {Dessauges-Zavadsky}, M. and {Dowell}, C.~D. and 
	{Ilbert}, O. and {Ivison}, R.~J. and {Jauzac}, M. and {Lutz}, D. and 
	{Metcalfe}, L. and {Omont}, A. and {Pell{\'o}}, R. and {Pereira}, M.~J. and 
	{Rieke}, G.~H. and {Rodighiero}, G. and {Smail}, I. and {Smith}, G.~P. and 
	{Tramoy}, G. and {Walth}, G.~L. and {van der Werf}, P. and {Werner}, M.~W.
	},
    title = "{The Herschel Lensing Survey (HLS): Overview}",
  journal = {\aap},
archivePrefix = "arXiv",
   eprint = {1005.3820},
 primaryClass = "astro-ph.CO",
 keywords = {infrared: galaxies, submillimeter: galaxies, galaxies: evolution, galaxies: high-redshift, galaxies:, clusters: general},
     year = 2010,
    month = jul,
   volume = 518,
      eid = {L12},
    pages = {L12},
      doi = {10.1051/0004-6361/201014696},
   adsurl = {http://adsabs.harvard.edu/abs/2010A%26A...518L..12E},
  adsnote = {Provided by the SAO/NASA Astrophysics Data System}
}

%FIRST survey
@ARTICLE{becker1995,
   author = {{Becker}, R.~H. and {White}, R.~L. and {Helfand}, D.~J.},
    title = "{The FIRST Survey: Faint Images of the Radio Sky at Twenty Centimeters}",
  journal = {\apj},
 keywords = {RADIO CONTINUUM: GENERAL, SURVEYS},
     year = 1995,
    month = sep,
   volume = 450,
    pages = {559},
      doi = {10.1086/176166},
   adsurl = {http://adsabs.harvard.edu/abs/1995ApJ...450..559B},
  adsnote = {Provided by the SAO/NASA Astrophysics Data System}
}

%SPIRE
@ARTICLE{griffin2010,
   author = {{Griffin}, M.~J. and {Abergel}, A. and {Abreu}, A. and {Ade}, P.~A.~R. and 
	{Andr{\'e}}, P. and {Augueres}, J.-L. and {Babbedge}, T. and 
	{Bae}, Y. and {Baillie}, T. and {Baluteau}, J.-P. and {Barlow}, M.~J. and 
	{Bendo}, G. and {Benielli}, D. and {Bock}, J.~J. and {Bonhomme}, P. and 
	{Brisbin}, D. and {Brockley-Blatt}, C. and {Caldwell}, M. and 
	{Cara}, C. and {Castro-Rodriguez}, N. and {Cerulli}, R. and 
	{Chanial}, P. and {Chen}, S. and {Clark}, E. and {Clements}, D.~L. and 
	{Clerc}, L. and {Coker}, J. and {Communal}, D. and {Conversi}, L. and 
	{Cox}, P. and {Crumb}, D. and {Cunningham}, C. and {Daly}, F. and 
	{Davis}, G.~R. and {de Antoni}, P. and {Delderfield}, J. and 
	{Devin}, N. and {di Giorgio}, A. and {Didschuns}, I. and {Dohlen}, K. and 
	{Donati}, M. and {Dowell}, A. and {Dowell}, C.~D. and {Duband}, L. and 
	{Dumaye}, L. and {Emery}, R.~J. and {Ferlet}, M. and {Ferrand}, D. and 
	{Fontignie}, J. and {Fox}, M. and {Franceschini}, A. and {Frerking}, M. and 
	{Fulton}, T. and {Garcia}, J. and {Gastaud}, R. and {Gear}, W.~K. and 
	{Glenn}, J. and {Goizel}, A. and {Griffin}, D.~K. and {Grundy}, T. and 
	{Guest}, S. and {Guillemet}, L. and {Hargrave}, P.~C. and {Harwit}, M. and 
	{Hastings}, P. and {Hatziminaoglou}, E. and {Herman}, M. and 
	{Hinde}, B. and {Hristov}, V. and {Huang}, M. and {Imhof}, P. and 
	{Isaak}, K.~J. and {Israelsson}, U. and {Ivison}, R.~J. and 
	{Jennings}, D. and {Kiernan}, B. and {King}, K.~J. and {Lange}, A.~E. and 
	{Latter}, W. and {Laurent}, G. and {Laurent}, P. and {Leeks}, S.~J. and 
	{Lellouch}, E. and {Levenson}, L. and {Li}, B. and {Li}, J. and 
	{Lilienthal}, J. and {Lim}, T. and {Liu}, S.~J. and {Lu}, N. and 
	{Madden}, S. and {Mainetti}, G. and {Marliani}, P. and {McKay}, D. and 
	{Mercier}, K. and {Molinari}, S. and {Morris}, H. and {Moseley}, H. and 
	{Mulder}, J. and {Mur}, M. and {Naylor}, D.~A. and {Nguyen}, H. and 
	{O'Halloran}, B. and {Oliver}, S. and {Olofsson}, G. and {Olofsson}, H.-G. and 
	{Orfei}, R. and {Page}, M.~J. and {Pain}, I. and {Panuzzo}, P. and 
	{Papageorgiou}, A. and {Parks}, G. and {Parr-Burman}, P. and 
	{Pearce}, A. and {Pearson}, C. and {P{\'e}rez-Fournon}, I. and 
	{Pinsard}, F. and {Pisano}, G. and {Podosek}, J. and {Pohlen}, M. and 
	{Polehampton}, E.~T. and {Pouliquen}, D. and {Rigopoulou}, D. and 
	{Rizzo}, D. and {Roseboom}, I.~G. and {Roussel}, H. and {Rowan-Robinson}, M. and 
	{Rownd}, B. and {Saraceno}, P. and {Sauvage}, M. and {Savage}, R. and 
	{Savini}, G. and {Sawyer}, E. and {Scharmberg}, C. and {Schmitt}, D. and 
	{Schneider}, N. and {Schulz}, B. and {Schwartz}, A. and {Shafer}, R. and 
	{Shupe}, D.~L. and {Sibthorpe}, B. and {Sidher}, S. and {Smith}, A. and 
	{Smith}, A.~J. and {Smith}, D. and {Spencer}, L. and {Stobie}, B. and 
	{Sudiwala}, R. and {Sukhatme}, K. and {Surace}, C. and {Stevens}, J.~A. and 
	{Swinyard}, B.~M. and {Trichas}, M. and {Tourette}, T. and {Triou}, H. and 
	{Tseng}, S. and {Tucker}, C. and {Turner}, A. and {Vaccari}, M. and 
	{Valtchanov}, I. and {Vigroux}, L. and {Virique}, E. and {Voellmer}, G. and 
	{Walker}, H. and {Ward}, R. and {Waskett}, T. and {Weilert}, M. and 
	{Wesson}, R. and {White}, G.~J. and {Whitehouse}, N. and {Wilson}, C.~D. and 
	{Winter}, B. and {Woodcraft}, A.~L. and {Wright}, G.~S. and 
	{Xu}, C.~K. and {Zavagno}, A. and {Zemcov}, M. and {Zhang}, L. and 
	{Zonca}, E.},
    title = "{The Herschel-SPIRE instrument and its in-flight performance}",
  journal = {\aap},
archivePrefix = "arXiv",
   eprint = {1005.5123},
 primaryClass = "astro-ph.IM",
 keywords = {instrumentation: photometers, instrumentation: spectrographs, space vehicles: instruments, submillimeter: general},
     year = 2010,
    month = jul,
   volume = 518,
      eid = {L3},
    pages = {L3},
      doi = {10.1051/0004-6361/201014519},
   adsurl = {http://adsabs.harvard.edu/abs/2010A%26A...518L...3G},
  adsnote = {Provided by the SAO/NASA Astrophysics Data System}
}

%PACS Herschel
@ARTICLE{poglitsch2010,
   author = {{Poglitsch}, A. and {Waelkens}, C. and {Geis}, N. and {Feuchtgruber}, H. and 
	{Vandenbussche}, B. and {Rodriguez}, L. and {Krause}, O. and 
	{Renotte}, E. and {van Hoof}, C. and {Saraceno}, P. and {Cepa}, J. and 
	{Kerschbaum}, F. and {Agn{\`e}se}, P. and {Ali}, B. and {Altieri}, B. and 
	{Andreani}, P. and {Augueres}, J.-L. and {Balog}, Z. and {Barl}, L. and 
	{Bauer}, O.~H. and {Belbachir}, N. and {Benedettini}, M. and 
	{Billot}, N. and {Boulade}, O. and {Bischof}, H. and {Blommaert}, J. and 
	{Callut}, E. and {Cara}, C. and {Cerulli}, R. and {Cesarsky}, D. and 
	{Contursi}, A. and {Creten}, Y. and {De Meester}, W. and {Doublier}, V. and 
	{Doumayrou}, E. and {Duband}, L. and {Exter}, K. and {Genzel}, R. and 
	{Gillis}, J.-M. and {Gr{\"o}zinger}, U. and {Henning}, T. and 
	{Herreros}, J. and {Huygen}, R. and {Inguscio}, M. and {Jakob}, G. and 
	{Jamar}, C. and {Jean}, C. and {de Jong}, J. and {Katterloher}, R. and 
	{Kiss}, C. and {Klaas}, U. and {Lemke}, D. and {Lutz}, D. and 
	{Madden}, S. and {Marquet}, B. and {Martignac}, J. and {Mazy}, A. and 
	{Merken}, P. and {Montfort}, F. and {Morbidelli}, L. and {M{\"u}ller}, T. and 
	{Nielbock}, M. and {Okumura}, K. and {Orfei}, R. and {Ottensamer}, R. and 
	{Pezzuto}, S. and {Popesso}, P. and {Putzeys}, J. and {Regibo}, S. and 
	{Reveret}, V. and {Royer}, P. and {Sauvage}, M. and {Schreiber}, J. and 
	{Stegmaier}, J. and {Schmitt}, D. and {Schubert}, J. and {Sturm}, E. and 
	{Thiel}, M. and {Tofani}, G. and {Vavrek}, R. and {Wetzstein}, M. and 
	{Wieprecht}, E. and {Wiezorrek}, E.},
    title = "{The Photodetector Array Camera and Spectrometer (PACS) on the Herschel Space Observatory}",
  journal = {\aap},
archivePrefix = "arXiv",
   eprint = {1005.1487},
 primaryClass = "astro-ph.IM",
 keywords = {space vehicles: instruments, instrumentation: photometers, instrumentation: spectrographs},
     year = 2010,
    month = jul,
   volume = 518,
      eid = {L2},
    pages = {L2},
      doi = {10.1051/0004-6361/201014535},
   adsurl = {http://adsabs.harvard.edu/abs/2010A%26A...518L...2P},
  adsnote = {Provided by the SAO/NASA Astrophysics Data System}
}

%Temperature profile REXCESS
@ARTICLE{pratt2007,
   author = {{Pratt}, G.~W. and {B{\"o}hringer}, H. and {Croston}, J.~H. and 
	{Arnaud}, M. and {Borgani}, S. and {Finoguenov}, A. and {Temple}, R.~F.
	},
    title = "{Temperature profiles of a representative sample of nearby X-ray galaxy clusters}",
  journal = {\aap},
   eprint = {astro-ph/0609480},
 keywords = {X-rays: galaxies: clusters, galaxies: clusters: general, intergalactic medium, cosmology: observations},
     year = 2007,
    month = jan,
   volume = 461,
    pages = {71-80},
      doi = {10.1051/0004-6361:20065676},
   adsurl = {http://adsabs.harvard.edu/abs/2007A%26A...461...71P},
  adsnote = {Provided by the SAO/NASA Astrophysics Data System}
}

%Temperature with XMM
@ARTICLE{arnaud2001,
   author = {{Arnaud}, M. and {Neumann}, D.~M. and {Aghanim}, N. and {Gastaud}, R. and 
	{Majerowicz}, S. and {Hughes}, J.~P.},
    title = "{Measuring cluster temperature profiles with XMM/EPIC}",
  journal = {\aap},
   eprint = {astro-ph/0011198},
 keywords = {GALAXIES: CLUSTERS: INDIVIDUAL: A1795, GALAXIES: INTERGALACTIC MEDIUM, COSMOLOGY: OBSERVATIONS, COSMOLOGY: DARK MATTER, X-RAYS: GENERAL},
     year = 2001,
    month = jan,
   volume = 365,
    pages = {L80-L86},
      doi = {10.1051/0004-6361:20000017},
   adsurl = {http://adsabs.harvard.edu/abs/2001A%26A...365L..80A},
  adsnote = {Provided by the SAO/NASA Astrophysics Data System}
}

%Scaling relations
@ARTICLE{pratt2009,
   author = {{Pratt}, G.~W. and {Croston}, J.~H. and {Arnaud}, M. and {B{\"o}hringer}, H.
	},
    title = "{Galaxy cluster X-ray luminosity scaling relations from a representative local sample (REXCESS)}",
  journal = {\aap},
archivePrefix = "arXiv",
   eprint = {0809.3784},
 keywords = {X-rays: galaxies: clusters, galaxies: clusters: general, intergalactic medium, cosmology: observations, dark matter},
     year = 2009,
    month = may,
   volume = 498,
    pages = {361-378},
      doi = {10.1051/0004-6361/200810994},
   adsurl = {http://adsabs.harvard.edu/abs/2009A%26A...498..361P},
  adsnote = {Provided by the SAO/NASA Astrophysics Data System}
}

%ROSAT
@ARTICLE{snowden1995,
   author = {{Snowden}, S.~L. and {Freyberg}, M.~J. and {Plucinsky}, P.~P. and 
	{Schmitt}, J.~H.~M.~M. and {Truemper}, J. and {Voges}, W. and 
	{Edgar}, R.~J. and {McCammon}, D. and {Sanders}, W.~T.},
    title = "{First Maps of the Soft X-Ray Diffuse Background from the ROSAT XRT/PSPC All-Sky Survey}",
  journal = {\apj},
 keywords = {SURVEYS, X-RAYS: GALAXIES, X-RAYS: GENERAL, X-RAYS: ISM},
     year = 1995,
    month = dec,
   volume = 454,
    pages = {643},
      doi = {10.1086/176517},
   adsurl = {http://adsabs.harvard.edu/abs/1995ApJ...454..643S},
  adsnote = {Provided by the SAO/NASA Astrophysics Data System}
}

%Chandra deep field
@ARTICLE{giacconi2001,
   author = {{Giacconi}, R. and {Rosati}, P. and {Tozzi}, P. and {Nonino}, M. and 
	{Hasinger}, G. and {Norman}, C. and {Bergeron}, J. and {Borgani}, S. and 
	{Gilli}, R. and {Gilmozzi}, R. and {Zheng}, W.},
    title = "{First Results from the X-Ray and Optical Survey of the Chandra Deep Field South}",
  journal = {\apj},
   eprint = {astro-ph/0007240},
 keywords = {Cosmology: Observations, Cosmology: Diffuse Radiation, Galaxies: Active, Surveys, X-Rays: Galaxies},
     year = 2001,
    month = apr,
   volume = 551,
    pages = {624-634},
      doi = {10.1086/320222},
   adsurl = {http://adsabs.harvard.edu/abs/2001ApJ...551..624G},
  adsnote = {Provided by the SAO/NASA Astrophysics Data System}
}

%XMM
 @misc{ghizzardi2001,
   author = {{Ghizzardi}, S},
   title = {XMM-SOC-CAL-TN-0022},
   url = {http://xmm.vilspa.esa.es},
   year = 2001
 }
 
%HI survey
@ARTICLE{kalberla2005,
   author = {{Kalberla}, P.~M.~W. and {Burton}, W.~B. and {Hartmann}, D. and 
	{Arnal}, E.~M. and {Bajaja}, E. and {Morras}, R. and {P{\"o}ppel}, W.~G.~L.
	},
    title = "{The Leiden/Argentine/Bonn (LAB) Survey of Galactic HI. Final data release of the combined LDS and IAR surveys with improved stray-radiation corrections}",
  journal = {\aap},
   eprint = {astro-ph/0504140},
 keywords = {surveys, radio lines: ISM, Galaxy: structure},
     year = 2005,
    month = sep,
   volume = 440,
    pages = {775-782},
      doi = {10.1051/0004-6361:20041864},
   adsurl = {http://adsabs.harvard.edu/abs/2005A%26A...440..775K},
  adsnote = {Provided by the SAO/NASA Astrophysics Data System}
}

%Comparison temperature/simu
@ARTICLE{mazzotta2004,
   author = {{Mazzotta}, P. and {Rasia}, E. and {Moscardini}, L. and {Tormen}, G.
	},
    title = "{Comparing the temperatures of galaxy clusters from hydrodynamical N-body simulations to Chandra and XMM-Newton observations}",
  journal = {\mnras},
   eprint = {astro-ph/0404425},
 keywords = {hydrodynamics, methods: numerical, galaxies: clusters: general, galaxies: general, cosmology: theory, X-rays: general},
     year = 2004,
    month = oct,
   volume = 354,
    pages = {10-24},
      doi = {10.1111/j.1365-2966.2004.08167.x},
   adsurl = {http://adsabs.harvard.edu/abs/2004MNRAS.354...10M},
  adsnote = {Provided by the SAO/NASA Astrophysics Data System}
}

%Temperature fit prediction
@ARTICLE{vikh_multit,
   author = {{Vikhlinin}, A.},
    title = "{Predicting a Single-Temperature Fit to Multicomponent Thermal Plasma Spectra}",
  journal = {\apj},
   eprint = {astro-ph/0504098},
 keywords = {Methods: n-Body Simulations, Techniques: Spectroscopic, X-Rays: Galaxies, X-Rays: Galaxies: Clusters},
     year = 2006,
    month = apr,
   volume = 640,
    pages = {710-715},
      doi = {10.1086/500121},
   adsurl = {http://adsabs.harvard.edu/abs/2006ApJ...640..710V},
  adsnote = {Provided by the SAO/NASA Astrophysics Data System}
}

%Scaling relation
@ARTICLE{mahdavi2013,
   author = {{Mahdavi}, A. and {Hoekstra}, H. and {Babul}, A. and {Bildfell}, C. and 
	{Jeltema}, T. and {Henry}, J.~P.},
    title = "{Joint Analysis of Cluster Observations. II. Chandra/XMM-Newton X-Ray and Weak Lensing Scaling Relations for a Sample of 50 Rich Clusters of Galaxies}",
  journal = {\apj},
archivePrefix = "arXiv",
   eprint = {1210.3689},
 keywords = {galaxies: clusters: general, galaxies: clusters: intracluster medium, gravitational lensing: weak, X-rays: galaxies: clusters},
     year = 2013,
    month = apr,
   volume = 767,
      eid = {116},
    pages = {116},
      doi = {10.1088/0004-637X/767/2/116},
   adsurl = {http://adsabs.harvard.edu/abs/2013ApJ...767..116M},
  adsnote = {Provided by the SAO/NASA Astrophysics Data System}
}

%HSE mass
@ARTICLE{martino2014,
   author = {{Martino}, R. and {Mazzotta}, P. and {Bourdin}, H. and {Smith}, G.~P. and 
	{Bartalucci}, I. and {Marrone}, D.~P. and {Finoguenov}, A. and 
	{Okabe}, N.},
    title = "{LoCuSS: hydrostatic mass measurements of the high-L$_{X}$ cluster sample - cross-calibration of Chandra and XMM-Newton}",
  journal = {\mnras},
archivePrefix = "arXiv",
   eprint = {1406.6831},
 keywords = {galaxies: clusters: general, cosmology: observations, X-rays: galaxies: clusters},
     year = 2014,
    month = sep,
   volume = 443,
    pages = {2342-2360},
      doi = {10.1093/mnras/stu1267},
   adsurl = {http://adsabs.harvard.edu/abs/2014MNRAS.443.2342M},
  adsnote = {Provided by the SAO/NASA Astrophysics Data System}
}