%X-ray review
@BOOK{Sarazin1988,
   author = {{Sarazin}, C.~L.},
    title = "{X-ray emission from clusters of galaxies}",
 keywords = {X RAY EMISSION, CLUSTERS OF GALAXIES},
booktitle = {Cambridge Astrophysics Series, Cambridge: Cambridge University Press, 1988},
     year = 1988,
   adsurl = {http://adsabs.harvard.edu/abs/1988xrec.book.....S},
  adsnote = {Provided by the SAO/NASA Astrophysics Data System}
}

%Cluster cosmology review
@ARTICLE{Allen2011,
   author = {{Allen}, S.~W. and {Evrard}, A.~E. and {Mantz}, A.~B.},
    title = "{Cosmological Parameters from Observations of Galaxy Clusters}",
  journal = {\araa},
archivePrefix = "arXiv",
   eprint = {1103.4829},
 primaryClass = "astro-ph.CO",
     year = 2011,
    month = sep,
   volume = 49,
    pages = {409-470},
      doi = {10.1146/annurev-astro-081710-102514},
   adsurl = {http://adsabs.harvard.edu/abs/2011ARA%26A..49..409A},
  adsnote = {Provided by the SAO/NASA Astrophysics Data System}
}

%Review X-ray spectroscopy
@ARTICLE{Bohringer2010,
   author = {{B{\"o}hringer}, H. and {Werner}, N.},
    title = "{X-ray spectroscopy of galaxy clusters: studying astrophysical processes in the largest celestial laboratories}",
  journal = {\aapr},
 keywords = {X-ray astronomy, Galaxies: clusters of galaxies, Spectroscopy: X-rays},
     year = 2010,
    month = feb,
   volume = 18,
    pages = {127-196},
      doi = {10.1007/s00159-009-0023-3},
   adsurl = {http://adsabs.harvard.edu/abs/2010A%26ARv..18..127B},
  adsnote = {Provided by the SAO/NASA Astrophysics Data System}
}

%Review scaling law
@ARTICLE{Giodini2013,
   author = {{Giodini}, S. and {Lovisari}, L. and {Pointecouteau}, E. and 
	{Ettori}, S. and {Reiprich}, T.~H. and {Hoekstra}, H.},
    title = "{Scaling Relations for Galaxy Clusters: Properties and Evolution}",
  journal = {\ssr},
archivePrefix = "arXiv",
   eprint = {1305.3286},
 keywords = {Galaxy clusters, Large-scale structure of the Universe, Intracluster matter},
     year = 2013,
    month = aug,
   volume = 177,
    pages = {247-282},
      doi = {10.1007/s11214-013-9994-5},
   adsurl = {http://adsabs.harvard.edu/abs/2013SSRv..177..247G},
  adsnote = {Provided by the SAO/NASA Astrophysics Data System}
}

%tSZ paper
@ARTICLE{Sunyaev1972,
   author = {{Sunyaev}, R.~A. and {Zeldovich}, Y.~B.},
    title = "{The Observations of Relic Radiation as a Test of the Nature of X-Ray Radiation from the Clusters of Galaxies}",
  journal = {Comments on Astrophysics and Space Physics},
 keywords = {Cosmology, Microwave Background Radiation, Clusters of Galaxies, X-Ray Astronomy, Intergalactic Gas},
     year = 1972,
    month = nov,
   volume = 4,
    pages = {173},
   adsurl = {http://adsabs.harvard.edu/abs/1972CoASP...4..173S},
  adsnote = {Provided by the SAO/NASA Astrophysics Data System}
}

%kSZ paper
@ARTICLE{Sunyaev1980,
   author = {{Sunyaev}, R.~A. and {Zeldovich}, I.~B.},
    title = "{The velocity of clusters of galaxies relative to the microwave background - The possibility of its measurement}",
  journal = {\mnras},
 keywords = {Background Radiation, Galactic Clusters, Microwave Emission, Polarized Radiation, Velocity Measurement, Background Noise, Cosmic Gases, Cosmology},
     year = 1980,
    month = feb,
   volume = 190,
    pages = {413-420},
      doi = {10.1093/mnras/190.3.413},
   adsurl = {http://adsabs.harvard.edu/abs/1980MNRAS.190..413S},
  adsnote = {Provided by the SAO/NASA Astrophysics Data System}
}

%Planck SZ count
@ARTICLE{Planck2015XXIV,
   author = {{Planck Collaboration} and {Ade}, P.~A.~R. and {Aghanim}, N. and 
	{Arnaud}, M. and {Ashdown}, M. and {Aumont}, J. and {Baccigalupi}, C. and 
	{Banday}, A.~J. and {Barreiro}, R.~B. and {Bartlett}, J.~G. and et al.},
    title = "{Planck 2015 results. XXIV. Cosmology from Sunyaev-Zeldovich cluster counts}",
  journal = {ArXiv e-prints},
archivePrefix = "arXiv",
   eprint = {1502.01597},
 keywords = {Astrophysics - Cosmology and Nongalactic Astrophysics},
     year = 2015,
    month = feb,
   adsurl = {http://adsabs.harvard.edu/abs/2015arXiv150201597P},
  adsnote = {Provided by the SAO/NASA Astrophysics Data System}
}

%Merger review
@INPROCEEDINGS{Sarazin2002,
   author = {{Sarazin}, C.~L.},
    title = "{The Physics of Cluster Mergers}",
booktitle = {Merging Processes in Galaxy Clusters},
     year = 2002,
   series = {Astrophysics and Space Science Library},
   volume = 272,
   eprint = {astro-ph/0105418},
   editor = {{Feretti}, L. and {Gioia}, I.~M. and {Giovannini}, G.},
    month = jun,
    pages = {1-38},
      doi = {10.1007/0-306-48096-4_1},
   adsurl = {http://adsabs.harvard.edu/abs/2002ASSL..272....1S},
  adsnote = {Provided by the SAO/NASA Astrophysics Data System}
}

%Fluctuation induced bias on SZ-X relations
@ARTICLE{Khedekar2013,
   author = {{Khedekar}, S. and {Churazov}, E. and {Kravtsov}, A. and {Zhuravleva}, I. and 
	{Lau}, E.~T. and {Nagai}, D. and {Sunyaev}, R.},
    title = "{Bias from gas inhomogeneities in the pressure profiles as measured from X-ray and Sunyaev-Zeldovich observations}",
  journal = {\mnras},
archivePrefix = "arXiv",
   eprint = {1211.3358},
 primaryClass = "astro-ph.CO",
 keywords = {galaxies: clusters: intracluster medium, cosmic background radiation, X-rays: galaxies: clusters},
     year = 2013,
    month = may,
   volume = 431,
    pages = {954-965},
      doi = {10.1093/mnras/stt224},
   adsurl = {http://adsabs.harvard.edu/abs/2013MNRAS.431..954K},
  adsnote = {Provided by the SAO/NASA Astrophysics Data System}
}

%Temperature scaling versu weak lensing
@ARTICLE{Mahdavi2013,
   author = {{Mahdavi}, A. and {Hoekstra}, H. and {Babul}, A. and {Bildfell}, C. and 
	{Jeltema}, T. and {Henry}, J.~P.},
    title = "{Joint Analysis of Cluster Observations. II. Chandra/XMM-Newton X-Ray and Weak Lensing Scaling Relations for a Sample of 50 Rich Clusters of Galaxies}",
  journal = {\apj},
archivePrefix = "arXiv",
   eprint = {1210.3689},
 keywords = {galaxies: clusters: general, galaxies: clusters: intracluster medium, gravitational lensing: weak, X-rays: galaxies: clusters},
     year = 2013,
    month = apr,
   volume = 767,
      eid = {116},
    pages = {116},
      doi = {10.1088/0004-637X/767/2/116},
   adsurl = {http://adsabs.harvard.edu/abs/2013ApJ...767..116M},
  adsnote = {Provided by the SAO/NASA Astrophysics Data System}
}

%Planck 2015 cosmological parameters
@ARTICLE{Planck2015XIII,
   author = {{Planck Collaboration} and {Ade}, P.~A.~R. and {Aghanim}, N. and 
	{Arnaud}, M. and {Ashdown}, M. and {Aumont}, J. and {Baccigalupi}, C. and 
	{Banday}, A.~J. and {Barreiro}, R.~B. and {Bartlett}, J.~G. and et al.},
    title = "{Planck 2015 results. XIII. Cosmological parameters}",
  journal = {ArXiv e-prints},
archivePrefix = "arXiv",
   eprint = {1502.01589},
 keywords = {Astrophysics - Cosmology and Nongalactic Astrophysics},
     year = 2015,
    month = feb,
   adsurl = {http://adsabs.harvard.edu/abs/2015arXiv150201589P},
  adsnote = {Provided by the SAO/NASA Astrophysics Data System}
}

%T SZ-X
@ARTICLE{Nord2009,
   author = {{Nord}, M. and {Basu}, K. and {Pacaud}, F. and {Ade}, P.~A.~R. and 
	{Bender}, A.~N. and {Benson}, B.~A. and {Bertoldi}, F. and {Cho}, H.-M. and 
	{Chon}, G. and {Clarke}, J. and {Dobbs}, M. and {Ferrusca}, D. and 
	{Halverson}, N.~W. and {Holzapfel}, W.~L. and {Horellou}, C. and 
	{Johansson}, D. and {Kennedy}, J. and {Kermish}, Z. and {Kneissl}, R. and 
	{Lanting}, T. and {Lee}, A.~T. and {Lueker}, M. and {Mehl}, J. and 
	{Menten}, K.~M. and {Plagge}, T. and {Reichardt}, C.~L. and 
	{Richards}, P.~L. and {Schaaf}, R. and {Schwan}, D. and {Spieler}, H. and 
	{Tucker}, C. and {Weiss}, A. and {Zahn}, O.},
    title = "{Multi-frequency imaging of the galaxy cluster Abell 2163 using the Sunyaev-Zel'dovich effect}",
  journal = {\aap},
archivePrefix = "arXiv",
   eprint = {0902.2131},
 primaryClass = "astro-ph.CO",
 keywords = {galaxies: clusters: individual: Abell 2163, cosmic microwave background, cosmology: observations},
     year = 2009,
    month = nov,
   volume = 506,
    pages = {623-636},
      doi = {10.1051/0004-6361/200911746},
   adsurl = {http://adsabs.harvard.edu/abs/2009A%26A...506..623N},
  adsnote = {Provided by the SAO/NASA Astrophysics Data System}
}

%T SZ-X
@ARTICLE{Basu2010,
   author = {{Basu}, K. and {Zhang}, Y.-Y. and {Sommer}, M.~W. and {Bender}, A.~N. and 
	{Bertoldi}, F. and {Dobbs}, M. and {Eckmiller}, H. and {Halverson}, N.~W. and 
	{Holzapfel}, W.~L. and {Horellou}, C. and {Jaritz}, V. and {Johansson}, D. and 
	{Johnson}, B. and {Kennedy}, J. and {Kneissl}, R. and {Lanting}, T. and 
	{Lee}, A.~T. and {Mehl}, J. and {Menten}, K.~M. and {Navarrete}, F.~P. and 
	{Pacaud}, F. and {Reichardt}, C.~L. and {Reiprich}, T.~H. and 
	{Richards}, P.~L. and {Schwan}, D. and {Westbrook}, B.},
    title = "{Non-parametric modeling of the intra-cluster gas using APEX-SZ bolometer imaging data}",
  journal = {\aap},
archivePrefix = "arXiv",
   eprint = {0911.3905},
 keywords = {galaxies: clusters: individual: Abell 2204, cosmology: observations, cosmic microwave background, intergalactic medium, X-rays: galaxies: clusters},
     year = 2010,
    month = sep,
   volume = 519,
      eid = {A29},
    pages = {A29},
      doi = {10.1051/0004-6361/200913334},
   adsurl = {http://adsabs.harvard.edu/abs/2010A%26A...519A..29B},
  adsnote = {Provided by the SAO/NASA Astrophysics Data System}
}

%T SZ-X
@ARTICLE{Eckert2013,
   author = {{Eckert}, D. and {Molendi}, S. and {Vazza}, F. and {Ettori}, S. and 
	{Paltani}, S.},
    title = "{The X-ray/SZ view of the virial region. I. Thermodynamic properties}",
  journal = {\aap},
archivePrefix = "arXiv",
   eprint = {1301.0617},
 keywords = {X-rays: galaxies: clusters, galaxies: clusters: general, galaxies: clusters: intracluster medium, cosmology: observations},
     year = 2013,
    month = mar,
   volume = 551,
      eid = {A22},
    pages = {A22},
      doi = {10.1051/0004-6361/201220402},
   adsurl = {http://adsabs.harvard.edu/abs/2013A%26A...551A..22E},
  adsnote = {Provided by the SAO/NASA Astrophysics Data System}
}

%NIKA technical paper TO BE cited1
@ARTICLE{Monfardini2011,
   author = {{Monfardini}, A. and {Benoit}, A. and {Bideaud}, A. and {Swenson}, L. and 
	{Cruciani}, A. and {Camus}, P. and {Hoffmann}, C. and {D{\'e}sert}, F.~X. and 
	{Doyle}, S. and {Ade}, P. and {Mauskopf}, P. and {Tucker}, C. and 
	{Roesch}, M. and {Leclercq}, S. and {Schuster}, K.~F. and {Endo}, A. and 
	{Baryshev}, A. and {Baselmans}, J.~J.~A. and {Ferrari}, L. and 
	{Yates}, S.~J.~C. and {Bourrion}, O. and {Macias-Perez}, J. and 
	{Vescovi}, C. and {Calvo}, M. and {Giordano}, C.},
    title = "{A Dual-band Millimeter-wave Kinetic Inductance Camera for the IRAM 30 m Telescope}",
  journal = {\apjs},
archivePrefix = "arXiv",
   eprint = {1102.0870},
 primaryClass = "astro-ph.IM",
 keywords = {instrumentation: detectors, radio continuum: galaxies, radio continuum: general, submillimeter: galaxies, submillimeter: general, techniques: miscellaneous},
     year = 2011,
    month = jun,
   volume = 194,
      eid = {24},
    pages = {24},
      doi = {10.1088/0067-0049/194/2/24},
   adsurl = {http://adsabs.harvard.edu/abs/2011ApJS..194...24M},
  adsnote = {Provided by the SAO/NASA Astrophysics Data System}
}

%NIKA technical paper TO BE cited3
@ARTICLE{Calvo2013,
   author = {{Calvo}, M. and {Roesch}, M. and {D{\'e}sert}, F.-X. and {Monfardini}, A. and 
	{Benoit}, A. and {Mauskopf}, P. and {Ade}, P. and {Boudou}, N. and 
	{Bourrion}, O. and {Camus}, P. and {Cruciani}, A. and {Doyle}, S. and 
	{Hoffmann}, C. and {Leclercq}, S. and {Macias-Perez}, J.~F. and 
	{Ponthieu}, N. and {Schuster}, K.~F. and {Tucker}, C. and {Vescovi}, C.
	},
    title = "{Improved mm-wave photometry for kinetic inductance detectors}",
  journal = {\aap},
 keywords = {instrumentation: detectors, methods: observational, telescopes, techniques: photometric},
     year = 2013,
    month = mar,
   volume = 551,
      eid = {L12},
    pages = {L12},
      doi = {10.1051/0004-6361/201219854},
   adsurl = {http://adsabs.harvard.edu/abs/2013A%26A...551L..12C},
  adsnote = {Provided by the SAO/NASA Astrophysics Data System}
}

%NIKA technical paper TO BE cited4
@ARTICLE{Catalano2014,
   author = {{Catalano}, A. and {Calvo}, M. and {Ponthieu}, N. and {Adam}, R. and 
	{Adane}, A. and {Ade}, P. and {Andr{\'e}}, P. and {Beelen}, A. and 
	{Belier}, B. and {Beno{\^i}t}, A. and {Bideaud}, A. and {Billot}, N. and 
	{Boudou}, N. and {Bourrion}, O. and {Coiffard}, G. and {Comis}, B. and 
	{D'Addabbo}, A. and {D{\'e}sert}, F.-X. and {Doyle}, S. and 
	{Goupy}, J. and {Kramer}, C. and {Leclercq}, S. and {Mac{\'{\i}}as-P{\'e}rez}, J.~F. and 
	{Martino}, J. and {Mauskopf}, P. and {Mayet}, F. and {Monfardini}, A. and 
	{Pajot}, F. and {Pascale}, E. and {Perotto}, L. and {Rev{\'e}ret}, V. and 
	{Rodriguez}, L. and {Savini}, G. and {Schuster}, K. and {Sievers}, A. and 
	{Tucker}, C. and {Zylka}, R.},
    title = "{Performance and calibration of the NIKA camera at the IRAM 30 m telescope}",
  journal = {\aap},
archivePrefix = "arXiv",
   eprint = {1402.0260},
 primaryClass = "astro-ph.IM",
 keywords = {methods: observational, submillimeter: general, submillimeter: galaxies, submillimeter: ISM},
     year = 2014,
    month = sep,
   volume = 569,
      eid = {A9},
    pages = {A9},
      doi = {10.1051/0004-6361/201423557},
   adsurl = {http://adsabs.harvard.edu/abs/2014A%26A...569A...9C},
  adsnote = {Provided by the SAO/NASA Astrophysics Data System}
}

%First NIKA tSZ paper
@ARTICLE{Adam2014,
   author = {{Adam}, R. and {Comis}, B. and {Mac{\'{\i}}as-P{\'e}rez}, J.~F. and 
	{Adane}, A. and {Ade}, P. and {Andr{\'e}}, P. and {Beelen}, A. and 
	{Belier}, B. and {Beno{\^i}t}, A. and {Bideaud}, A. and {Billot}, N. and 
	{Boudou}, N. and {Bourrion}, O. and {Calvo}, M. and {Catalano}, A. and 
	{Coiffard}, G. and {D'Addabbo}, A. and {D{\'e}sert}, F.-X. and 
	{Doyle}, S. and {Goupy}, J. and {Kramer}, C. and {Leclercq}, S. and 
	{Martino}, J. and {Mauskopf}, P. and {Mayet}, F. and {Monfardini}, A. and 
	{Pajot}, F. and {Pascale}, E. and {Perotto}, L. and {Pointecouteau}, E. and 
	{Ponthieu}, N. and {Rev{\'e}ret}, V. and {Rodriguez}, L. and 
	{Savini}, G. and {Schuster}, K. and {Sievers}, A. and {Tucker}, C. and 
	{Zylka}, R.},
    title = "{First observation of the thermal Sunyaev-Zel'dovich effect with kinetic inductance detectors}",
  journal = {\aap},
archivePrefix = "arXiv",
   eprint = {1310.6237},
 keywords = {instrumentation: detectors, techniques: high angular resolution, galaxies: clusters: individual: RX J1347.5-1145, galaxies: clusters: intracluster medium},
     year = 2014,
    month = sep,
   volume = 569,
      eid = {A66},
    pages = {A66},
      doi = {10.1051/0004-6361/201322902},
   adsurl = {http://adsabs.harvard.edu/abs/2014A%26A...569A..66A},
  adsnote = {Provided by the SAO/NASA Astrophysics Data System}
}

%Second NIKA tSZ paper
@ARTICLE{Adam2015,
   author = {{Adam}, R. and {Comis}, B. and {Mac{\'{\i}}as-P{\'e}rez}, J.-F. and 
	{Adane}, A. and {Ade}, P. and {Andr{\'e}}, P. and {Beelen}, A. and 
	{Belier}, B. and {Beno{\^i}t}, A. and {Bideaud}, A. and {Billot}, N. and 
	{Blanquer}, G. and {Bourrion}, O. and {Calvo}, M. and {Catalano}, A. and 
	{Coiffard}, G. and {Cruciani}, A. and {D'Addabbo}, A. and {D{\'e}sert}, F.-X. and 
	{Doyle}, S. and {Goupy}, J. and {Kramer}, C. and {Leclercq}, S. and 
	{Martino}, J. and {Mauskopf}, P. and {Mayet}, F. and {Monfardini}, A. and 
	{Pajot}, F. and {Pascale}, E. and {Perotto}, L. and {Pointecouteau}, E. and 
	{Ponthieu}, N. and {Rev{\'e}ret}, V. and {Ritacco}, A. and {Rodriguez}, L. and 
	{Savini}, G. and {Schuster}, K. and {Sievers}, A. and {Tucker}, C. and 
	{Zylka}, R.},
    title = "{Pressure distribution of the high-redshift cluster of galaxies CL J1226.9+3332 with NIKA}",
  journal = {\aap},
archivePrefix = "arXiv",
   eprint = {1410.2808},
 keywords = {techniques: high angular resolution, galaxies: clusters: individual: CL J1226.9+3332},
     year = 2015,
    month = apr,
   volume = 576,
      eid = {A12},
    pages = {A12},
      doi = {10.1051/0004-6361/201425140},
   adsurl = {http://adsabs.harvard.edu/abs/2015A%26A...576A..12A},
  adsnote = {Provided by the SAO/NASA Astrophysics Data System}
}

%Third NIKA tSZ paper
@ARTICLE{Adam2016a,
   author = {{Adam}, R. and {Comis}, B. and {Bartalucci}, I. and {Adane}, A. and 
	{Ade}, P. and {Andr{\'e}}, P. and {Arnaud}, M. and {Beelen}, A. and 
	{Belier}, B. and {Beno{\^i}t}, A. and {Bideaud}, A. and {Billot}, N. and 
	{Bourrion}, O. and {Calvo}, M. and {Catalano}, A. and {Coiffard}, G. and 
	{D'Addabbo}, A. and {D{\'e}sert}, F.-X. and {Doyle}, S. and 
	{Goupy}, J. and {Hasnoun}, B. and {Hermelo}, I. and {Kramer}, C. and 
	{Lagache}, G. and {Leclercq}, S. and {Mac{\'{\i}}as-P{\'e}rez}, J.-F. and 
	{Martino}, J. and {Mauskopf}, P. and {Mayet}, F. and {Monfardini}, A. and 
	{Pajot}, F. and {Pascale}, E. and {Perotto}, L. and {Pointecouteau}, E. and 
	{Ponthieu}, N. and {Pratt}, G.~W. and {Rev{\'e}ret}, V. and 
	{Ritacco}, A. and {Rodriguez}, L. and {Savini}, G. and {Schuster}, K. and 
	{Sievers}, A. and {Triqueneaux}, S. and {Tucker}, C. and {Zylka}, R.
	},
    title = "{High angular resolution Sunyaev-Zel'dovich observations of MACS J1423.8+2404 with NIKA: Multiwavelength analysis}",
  journal = {\aap},
archivePrefix = "arXiv",
   eprint = {1510.06674},
 keywords = {techniques: high angular resolution, galaxies: clusters: individual: MACS J1423.8+2404, galaxies: clusters: intracluster medium},
     year = 2016,
    month = feb,
   volume = 586,
      eid = {A122},
    pages = {A122},
      doi = {10.1051/0004-6361/201527616},
   adsurl = {http://adsabs.harvard.edu/abs/2016A%26A...586A.122A},
  adsnote = {Provided by the SAO/NASA Astrophysics Data System}
}

%kSZ paper
@ARTICLE{Adam2016b,
   author = {{Adam}, R. and {Bartalucci}, I. and {Pratt}, G.~W. and {Ade}, P. and 
	{Andr{\'e}}, P. and {Arnaud}, M. and {Beelen}, A. and {Beno{\^i}t}, A. and 
	{Bideaud}, A. and {Billot}, N. and {Bourdin}, H. and {Bourrion}, O. and 
	{Calvo}, M. and {Catalano}, A. and {Coiffard}, G. and {Comis}, B. and 
	{D'Addabbo}, A. and {De Petris}, M. and {D{\'e}mocl{\`e}s}, J. and 
	{D{\'e}sert}, F.-X. and {Doyle}, S. and {Egami}, E. and {Ferrari}, C. and 
	{Goupy}, J. and {Kramer}, C. and {Lagache}, G. and {Leclercq}, S. and 
	{Mac{\'{\i}}as-P{\'e}rez}, J.-F. and {Maurogordato}, S. and 
	{Mauskopf}, P. and {Mayet}, F. and {Monfardini}, A. and {Mroczkowski}, T. and 
	{Pajot}, F. and {Pascale}, E. and {Perotto}, L. and {Pisano}, G. and 
	{Pointecouteau}, E. and {Ponthieu}, N. and {Rev{\'e}ret}, V. and 
	{Ritacco}, A. and {Rodriguez}, L. and {Romero}, C. and {Ruppin}, F. and 
	{Schuster}, K. and {Sievers}, A. and {Triqueneaux}, S. and {Tucker}, C. and 
	{Zemcov}, M. and {Zylka}, R.},
    title = "{Mapping the kinetic Sunyaev-Zel'dovich effect toward MACS J0717.5+3745 with NIKA}",
  journal = {\aap},
archivePrefix = "arXiv",
   eprint = {1606.07721},
 keywords = {techniques: high angular resolution, galaxies: clusters: individual: MACS J0717.5+3745, galaxies: clusters: intracluster medium},
     year = 2017,
    month = feb,
   volume = 598,
      eid = {A115},
    pages = {A115},
      doi = {10.1051/0004-6361/201629182},
   adsurl = {http://adsabs.harvard.edu/abs/2017A%26A...598A.115A},
  adsnote = {Provided by the SAO/NASA Astrophysics Data System}
}

%SZ review
@ARTICLE{Birkinshaw1999,
   author = {{Birkinshaw}, M.},
    title = "{The Sunyaev-Zel'dovich effect}",
  journal = {\physrep},
   eprint = {arXiv:astro-ph/9808050},
     year = 1999,
    month = mar,
   volume = 310,
    pages = {97-195},
      doi = {10.1016/S0370-1573(98)00080-5},
   adsurl = {http://adsabs.harvard.edu/abs/1999PhR...310...97B},
  adsnote = {Provided by the SAO/NASA Astrophysics Data System}
}

%tSZ Relativistic corrections
@ARTICLE{Itoh2003,
   author = {{Itoh}, N. and {Nozawa}, S.},
    title = "{Relativistic Corrections to the Sunyaev-Zeldovich Effect for Clusters of Galaxies. V. Numerical Results for High Electron Temperatures}",
  journal = {ArXiv Astrophysics e-prints},
   eprint = {astro-ph/0307519},
 keywords = {Astrophysics},
     year = 2003,
    month = jul,
   adsurl = {http://adsabs.harvard.edu/abs/2003astro.ph..7519I},
  adsnote = {Provided by the SAO/NASA Astrophysics Data System}
}

%MACSJ0717 first kSZ hint
@ARTICLE{Mroczkowski2012,
   author = {{Mroczkowski}, T. and {Dicker}, S. and {Sayers}, J. and {Reese}, E.~D. and 
	{Mason}, B. and {Czakon}, N. and {Romero}, C. and {Young}, A. and 
	{Devlin}, M. and {Golwala}, S. and {Korngut}, P. and {Sarazin}, C. and 
	{Bock}, J. and {Koch}, P.~M. and {Lin}, K.-Y. and {Molnar}, S.~M. and 
	{Pierpaoli}, E. and {Umetsu}, K. and {Zemcov}, M.},
    title = "{A Multi-wavelength Study of the Sunyaev-Zel'dovich Effect in the Triple-merger Cluster MACS J0717.5+3745 with MUSTANG and Bolocam}",
  journal = {\apj},
archivePrefix = "arXiv",
   eprint = {1205.0052},
 keywords = {cosmic background radiation, cosmology: observations, X-rays: galaxies: clusters, X-rays: general},
     year = 2012,
    month = dec,
   volume = 761,
      eid = {47},
    pages = {47},
      doi = {10.1088/0004-637X/761/1/47},
   adsurl = {http://adsabs.harvard.edu/abs/2012ApJ...761...47M},
  adsnote = {Provided by the SAO/NASA Astrophysics Data System}
}

%ACCEPT profile fit
@ARTICLE{Comis2011,
   author = {{Comis}, B. and {de Petris}, M. and {Conte}, A. and {Lamagna}, L. and 
	{de Gregori}, S.},
    title = "{X-ray calibration of Sunyaev-Zel'dovich scaling relations with the ACCEPT catalogue of galaxy clusters observed by Chandra}",
  journal = {\mnras},
archivePrefix = "arXiv",
   eprint = {1108.1029},
 keywords = {galaxies: clusters: intracluster medium, large-scale structure of Universe, X-rays: galaxies: clusters},
     year = 2011,
    month = dec,
   volume = 418,
    pages = {1089-1101},
      doi = {10.1111/j.1365-2966.2011.19562.x},
   adsurl = {http://adsabs.harvard.edu/abs/2011MNRAS.418.1089C},
  adsnote = {Provided by the SAO/NASA Astrophysics Data System}
}

%Tx-Tsz, Bullet cluster
@ARTICLE{Halverson2009,
   author = {{Halverson}, N.~W. and {Lanting}, T. and {Ade}, P.~A.~R. and 
	{Basu}, K. and {Bender}, A.~N. and {Benson}, B.~A. and {Bertoldi}, F. and 
	{Cho}, H.-M. and {Chon}, G. and {Clarke}, J. and {Dobbs}, M. and 
	{Ferrusca}, D. and {G{\"u}sten}, R. and {Holzapfel}, W.~L. and 
	{Kov{\'a}cs}, A. and {Kennedy}, J. and {Kermish}, Z. and {Kneissl}, R. and 
	{Lee}, A.~T. and {Lueker}, M. and {Mehl}, J. and {Menten}, K.~M. and 
	{Muders}, D. and {Nord}, M. and {Pacaud}, F. and {Plagge}, T. and 
	{Reichardt}, C. and {Richards}, P.~L. and {Schaaf}, R. and {Schilke}, P. and 
	{Schuller}, F. and {Schwan}, D. and {Spieler}, H. and {Tucker}, C. and 
	{Weiss}, A. and {Zahn}, O.},
    title = "{Sunyaev-Zel'Dovich Effect Observations of the Bullet Cluster (1E 0657-56) with APEX-SZ}",
  journal = {\apj},
archivePrefix = "arXiv",
   eprint = {0807.4208},
 keywords = {cosmic microwave background, cosmology: observations, galaxies: clusters: individual: 1E 0657{\ndash}56},
     year = 2009,
    month = aug,
   volume = 701,
    pages = {42-51},
      doi = {10.1088/0004-637X/701/1/42},
   adsurl = {http://adsabs.harvard.edu/abs/2009ApJ...701...42H},
  adsnote = {Provided by the SAO/NASA Astrophysics Data System}
}

%Tx - Tmw simulation
@ARTICLE{Nagai2007,
   author = {{Nagai}, D. and {Vikhlinin}, A. and {Kravtsov}, A.~V.},
    title = "{Testing X-Ray Measurements of Galaxy Clusters with Cosmological Simulations}",
  journal = {\apj},
   eprint = {astro-ph/0609247},
 keywords = {Cosmology: Theory, Galaxies: Formation, Methods: Numerical},
     year = 2007,
    month = jan,
   volume = 655,
    pages = {98-108},
      doi = {10.1086/509868},
   adsurl = {http://adsabs.harvard.edu/abs/2007ApJ...655...98N},
  adsnote = {Provided by the SAO/NASA Astrophysics Data System}
}

%Chandra study of nearby clusters
@ARTICLE{Vikhlinin2006,
   author = {{Vikhlinin}, A. and {Kravtsov}, A. and {Forman}, W. and {Jones}, C. and 
	{Markevitch}, M. and {Murray}, S.~S. and {Van Speybroeck}, L.
	},
    title = "{Chandra Sample of Nearby Relaxed Galaxy Clusters: Mass, Gas Fraction, and Mass-Temperature Relation}",
  journal = {\apj},
   eprint = {astro-ph/0507092},
 keywords = {Cosmology: Observations, Cosmology: Dark Matter, Galaxies: Clusters: General, X-Rays: Galaxies: Clusters},
     year = 2006,
    month = apr,
   volume = 640,
    pages = {691-709},
      doi = {10.1086/500288},
   adsurl = {http://adsabs.harvard.edu/abs/2006ApJ...640..691V},
  adsnote = {Provided by the SAO/NASA Astrophysics Data System}
}

%Herve pipeline
@ARTICLE{Bourdin2008,
   author = {{Bourdin}, H. and {Mazzotta}, P.},
    title = "{Temperature structure of the intergalactic medium within seven nearby and bright clusters of galaxies observed with XMM-Newton}",
  journal = {\aap},
archivePrefix = "arXiv",
   eprint = {0802.1866},
 keywords = {galaxies: clusters: general, galaxies: intergalactic, medium, X-rays: galaxies: clusters, techniques: image, processing, techniques: spectroscopic},
     year = 2008,
    month = feb,
   volume = 479,
    pages = {307-320},
      doi = {10.1051/0004-6361:20065758},
   adsurl = {http://adsabs.harvard.edu/abs/2008A%26A...479..307B},
  adsnote = {Provided by the SAO/NASA Astrophysics Data System}
}

%Herve kT Map
@ARTICLE{Bourdin2004,
   author = {{Bourdin}, H. and {Sauvageot}, J.-L. and {Slezak}, E. and {Bijaoui}, A. and 
	{Teyssier}, R.},
    title = "{Temperature map computation for X-ray clusters of galaxies}",
  journal = {\aap},
 keywords = {galaxies: clusters: general, galaxies: interactions},
     year = 2004,
    month = feb,
   volume = 414,
    pages = {429-443},
      doi = {10.1051/0004-6361:20031662},
   adsurl = {http://adsabs.harvard.edu/abs/2004A%26A...414..429B},
  adsnote = {Provided by the SAO/NASA Astrophysics Data System}
}

%Optical/Xray
@ARTICLE{Ma2009,
   author = {{Ma}, C.-J. and {Ebeling}, H. and {Barrett}, E.},
    title = "{An X-Ray/Optical Study of the Complex Dynamics of the Core of the Massive Intermediate-Redshift Cluster MACSJ0717.5+3745}",
  journal = {\apjl},
archivePrefix = "arXiv",
   eprint = {0901.4783},
 primaryClass = "astro-ph.CO",
 keywords = {galaxies: clusters: individual: MACSJ0717.5+3745, X-rays: galaxies: clusters},
     year = 2009,
    month = mar,
   volume = 693,
    pages = {L56-L60},
      doi = {10.1088/0004-637X/693/2/L56},
   adsurl = {http://adsabs.harvard.edu/abs/2009ApJ...693L..56M},
  adsnote = {Provided by the SAO/NASA Astrophysics Data System}
}

%Bolocam kSZ second paper
@ARTICLE{Sayers2013,
   author = {{Sayers}, J. and {Mroczkowski}, T. and {Zemcov}, M. and {Korngut}, P.~M. and 
	{Bock}, J. and {Bulbul}, E. and {Czakon}, N.~G. and {Egami}, E. and 
	{Golwala}, S.~R. and {Koch}, P.~M. and {Lin}, K.-Y. and {Mantz}, A. and 
	{Molnar}, S.~M. and {Moustakas}, L. and {Pierpaoli}, E. and 
	{Rawle}, T.~D. and {Reese}, E.~D. and {Rex}, M. and {Shitanishi}, J.~A. and 
	{Siegel}, S. and {Umetsu}, K.},
    title = "{A Measurement of the Kinetic Sunyaev-Zel'dovich Signal Toward MACS J0717.5+3745}",
  journal = {\apj},
archivePrefix = "arXiv",
   eprint = {1312.3680},
 primaryClass = "astro-ph.CO",
 keywords = {galaxies: clusters: individual: MACS J0717.5+3745, galaxies: clusters: intracluster medium},
     year = 2013,
    month = nov,
   volume = 778,
      eid = {52},
    pages = {52},
      doi = {10.1088/0004-637X/778/1/52},
   adsurl = {http://adsabs.harvard.edu/abs/2013ApJ...778...52S},
  adsnote = {Provided by the SAO/NASA Astrophysics Data System}
}

%ACCEPT
@ARTICLE{Cavagnolo2009,
   author = {{Cavagnolo}, K.~W. and {Donahue}, M. and {Voit}, G.~M. and {Sun}, M.
	},
    title = "{Intracluster Medium Entropy Profiles for a Chandra Archival Sample of Galaxy Clusters}",
  journal = {\apjs},
archivePrefix = "arXiv",
   eprint = {0902.1802},
 primaryClass = "astro-ph.CO",
 keywords = {astronomical data bases: miscellaneous, cooling flows, X-rays: galaxies: clusters, X-rays: general},
     year = 2009,
    month = may,
   volume = 182,
    pages = {12-32},
      doi = {10.1088/0067-0049/182/1/12},
   adsurl = {http://cdsads.u-strasbg.fr/abs/2009ApJS..182...12C},
  adsnote = {Provided by the SAO/NASA Astrophysics Data System}
}

%MUSTANG2
@INPROCEEDINGS{Dicker2014,
   author = {{Dicker}, S.~R. and {Ade}, P.~A.~R. and {Aguirre}, J. and {Brevik}, J.~A. and 
	{Cho}, H.~M. and {Datta}, R. and {Devlin}, M.~J. and {Dober}, B. and 
	{Egan}, D. and {Ford}, J. and {Ford}, P. and {Hilton}, G. and 
	{Hubmayr}, J. and {Irwin}, K.~D. and {Mason}, B.~S. and {Marganian}, P. and 
	{Mello}, M. and {McMahon}, J.~J. and {Mroczkowski}, T. and {Romero}, C. and 
	{Stanchfield}, S. and {Tucker}, C. and {Vale}, L. and {White}, S. and 
	{Whitehead}, M. and {Young}, A.~H.},
    title = "{MUSTANG2: a large focal plan array for the 100 meter Green Bank Telescope}",
booktitle = {Millimeter, Submillimeter, and Far-Infrared Detectors and Instrumentation for Astronomy VII},
     year = 2014,
   series = {\procspie},
   volume = 9153,
    month = jul,
      eid = {91530J},
    pages = {91530J},
      doi = {10.1117/12.2056455},
   adsurl = {http://adsabs.harvard.edu/abs/2014SPIE.9153E..0JD},
  adsnote = {Provided by the SAO/NASA Astrophysics Data System}
}

%NIKA2
@ARTICLE{Calvo2016,
   author = {{Calvo}, M. and {Beno{\^i}t}, A. and {Catalano}, A. and {Goupy}, J. and 
	{Monfardini}, A. and {Ponthieu}, N. and {Barria}, E. and {Bres}, G. and 
	{Grollier}, M. and {Garde}, G. and {Leggeri}, J.-P. and {Pont}, G. and 
	{Triqueneaux}, S. and {Adam}, R. and {Bourrion}, O. and {Mac{\'{\i}}as-P{\'e}rez}, J.-F. and 
	{Rebolo}, M. and {Ritacco}, A. and {Scordilis}, J.-P. and {Tourres}, D. and 
	{Adane}, A. and {Coiffard}, G. and {Leclercq}, S. and {D{\'e}sert}, F.-X. and 
	{Doyle}, S. and {Mauskopf}, P. and {Tucker}, C. and {Ade}, P. and 
	{Andr{\'e}}, P. and {Beelen}, A. and {Belier}, B. and {Bideaud}, A. and 
	{Billot}, N. and {Comis}, B. and {D'Addabbo}, A. and {Kramer}, C. and 
	{Martino}, J. and {Mayet}, F. and {Pajot}, F. and {Pascale}, E. and 
	{Perotto}, L. and {Rev{\'e}ret}, V. and {Ritacco}, A. and {Rodriguez}, L. and 
	{Savini}, G. and {Schuster}, K. and {Sievers}, A. and {Zylka}, R.
	},
    title = "{The NIKA2 Instrument, A Dual-Band Kilopixel KID Array for Millimetric Astronomy}",
  journal = {Journal of Low Temperature Physics},
archivePrefix = "arXiv",
   eprint = {1601.02774},
 primaryClass = "astro-ph.IM",
 keywords = {Kinetic inductance detectors, mm-wave astronomy},
     year = 2016,
    month = mar,
      doi = {10.1007/s10909-016-1582-0},
   adsurl = {http://adsabs.harvard.edu/abs/2016JLTP..tmp..151C},
  adsnote = {Provided by the SAO/NASA Astrophysics Data System}
}

@ARTICLE{maz04,
   author = {{Mazzotta}, P. and {Rasia}, E. and {Moscardini}, L. and {Tormen}, G.
	},
    title = "{Comparing the temperatures of galaxy clusters from hydrodynamical N-body simulations to Chandra and XMM-Newton observations}",
  journal = {\mnras},
   eprint = {astro-ph/0404425},
 keywords = {hydrodynamics, methods: numerical, galaxies: clusters: general, galaxies: general, cosmology: theory, X-rays: general},
     year = 2004,
    month = oct,
   volume = 354,
    pages = {10-24},
      doi = {10.1111/j.1365-2966.2004.08167.x},
   adsurl = {http://adsabs.harvard.edu/abs/2004MNRAS.354...10M},
  adsnote = {Provided by the SAO/NASA Astrophysics Data System}
}

@ARTICLE{vik06b,
   author = {{Vikhlinin}, A.},
    title = "{Predicting a Single-Temperature Fit to Multicomponent Thermal Plasma Spectra}",
  journal = {\apj},
   eprint = {astro-ph/0504098},
 keywords = {Methods: n-Body Simulations, Techniques: Spectroscopic, X-Rays: Galaxies, X-Rays: Galaxies: Clusters},
     year = 2006,
    month = apr,
   volume = 640,
    pages = {710-715},
      doi = {10.1086/500121},
   adsurl = {http://adsabs.harvard.edu/abs/2006ApJ...640..710V},
  adsnote = {Provided by the SAO/NASA Astrophysics Data System}
}

@ARTICLE{mar07,
   author = {{Markevitch}, M. and {Vikhlinin}, A.},
    title = "{Shocks and cold fronts in galaxy clusters}",
  journal = {\physrep},
   eprint = {astro-ph/0701821},
     year = 2007,
    month = may,
   volume = 443,
    pages = {1-53},
      doi = {10.1016/j.physrep.2007.01.001},
   adsurl = {http://adsabs.harvard.edu/abs/2007PhR...443....1M},
  adsnote = {Provided by the SAO/NASA Astrophysics Data System}
}

@ARTICLE{ras12,
   author = {{Rasia}, E. and {Meneghetti}, M. and {Martino}, R. and {Borgani}, S. and 
	{Bonafede}, A. and {Dolag}, K. and {Ettori}, S. and {Fabjan}, D. and 
	{Giocoli}, C. and {Mazzotta}, P. and {Merten}, J. and {Radovich}, M. and 
	{Tornatore}, L.},
    title = "{Lensing and x-ray mass estimates of clusters (simulations)}",
  journal = {New Journal of Physics},
archivePrefix = "arXiv",
   eprint = {1201.1569},
     year = 2012,
    month = may,
   volume = 14,
   number = 5,
      eid = {055018},
    pages = {055018},
      doi = {10.1088/1367-2630/14/5/055018},
   adsurl = {http://adsabs.harvard.edu/abs/2012NJPh...14e5018R},
  adsnote = {Provided by the SAO/NASA Astrophysics Data System}
}

@ARTICLE{sch15,
   author = {{Schellenberger}, G. and {Reiprich}, T.~H. and {Lovisari}, L. and 
	{Nevalainen}, J. and {David}, L.},
    title = "{XMM-Newton and Chandra cross-calibration using HIFLUGCS galaxy clusters . Systematic temperature differences and cosmological impact}",
  journal = {\aap},
archivePrefix = "arXiv",
   eprint = {1404.7130},
 keywords = {X-rays: galaxies: clusters, instrumentation: miscellaneous, galaxies: clusters: intracluster medium, techniques: spectroscopic},
     year = 2015,
    month = mar,
   volume = 575,
      eid = {A30},
    pages = {A30},
      doi = {10.1051/0004-6361/201424085},
   adsurl = {http://adsabs.harvard.edu/abs/2015A%26A...575A..30S},
  adsnote = {Provided by the SAO/NASA Astrophysics Data System}
}

@ARTICLE{ras14,
   author = {{Rasia}, E. and {Lau}, E.~T. and {Borgani}, S. and {Nagai}, D. and 
	{Dolag}, K. and {Avestruz}, C. and {Granato}, G.~L. and {Mazzotta}, P. and 
	{Murante}, G. and {Nelson}, K. and {Ragone-Figueroa}, C.},
    title = "{Temperature Structure of the Intracluster Medium from Smoothed-particle Hydrodynamics and Adaptive-mesh Refinement Simulations}",
  journal = {\apj},
 keywords = {galaxies: clusters: general, galaxies: clusters: intracluster medium, methods: numerical, X-rays: galaxies: clusters },
     year = 2014,
    month = aug,
   volume = 791,
      eid = {96},
    pages = {96},
      doi = {10.1088/0004-637X/791/2/96},
   adsurl = {http://adsabs.harvard.edu/abs/2014ApJ...791...96R},
  adsnote = {Provided by the SAO/NASA Astrophysics Data System}
}

%Relat cor.
@ARTICLE{Pointecouteau1998,
   author = {{Pointecouteau}, E. and {Giard}, M. and {Barret}, D.},
    title = "{Determination of the hot intracluster gas temperature from submillimeter measurements}",
  journal = {\aap},
   eprint = {astro-ph/9712271},
 keywords = {COSMOLOGY: COSMIC MICROWAVE BACKGROUND, GALAXIES: INTERGALACTIC MEDIUM, GALAXIES: CLUSTERS: GENERAL},
     year = 1998,
    month = aug,
   volume = 336,
    pages = {44-48},
   adsurl = {http://adsabs.harvard.edu/abs/1998A%26A...336...44P},
  adsnote = {Provided by the SAO/NASA Astrophysics Data System}
}

@ARTICLE{Ruppin2016,
   author = {{Ruppin}, F. and {Adam}, R. and {Comis}, B. and {Ade}, P. and 
	{Andr{\'e}}, P. and {Arnaud}, M. and {Beelen}, A. and {Beno{\^i}t}, A. and 
	{Bideaud}, A. and {Billot}, N. and {Bourrion}, O. and {Calvo}, M. and 
	{Catalano}, A. and {Coiffard}, G. and {D'Addabbo}, A. and {De Petris}, M. and 
	{D{\'e}sert}, F.-X. and {Doyle}, S. and {Goupy}, J. and {Kramer}, C. and 
	{Leclercq}, S. and {Mac{\'{\i}}as-P{\'e}rez}, J.~F. and {Mauskopf}, P. and 
	{Mayet}, F. and {Monfardini}, A. and {Pajot}, F. and {Pascale}, E. and 
	{Perotto}, L. and {Pisano}, G. and {Pointecouteau}, E. and {Ponthieu}, N. and 
	{Pratt}, G.~W. and {Rev{\'e}ret}, V. and {Ritacco}, A. and {Rodriguez}, L. and 
	{Romero}, C. and {Schuster}, K. and {Sievers}, A. and {Triqueneaux}, S. and 
	{Tucker}, C. and {Zylka}, R.},
    title = "{Non-parametric deprojection of NIKA SZ observations: Pressure distribution in the Planck-discovered cluster PSZ1 G045.85+57.71}",
  journal = {\aap},
archivePrefix = "arXiv",
   eprint = {1607.07679},
 keywords = {galaxies: clusters: intracluster medium, instrumentation: high angular resolution, cosmology: observations},
     year = 2017,
    month = jan,
   volume = 597,
      eid = {A110},
    pages = {A110},
      doi = {10.1051/0004-6361/201629405},
   adsurl = {http://adsabs.harvard.edu/abs/2017A%26A...597A.110R},
  adsnote = {Provided by the SAO/NASA Astrophysics Data System}
}

@ARTICLE{Comis2016,
   author = {{Comis}, B. and {Adam}, R. and {Ade}, P. and {Andr{\'e}}, P. and 
	{Arnaud}, M. and {Bartalucci}, I. and {Beelen}, A. and {Beno{\^i}t}, A. and 
	{Bideaud}, A. and {Billot}, N. and {Bourrion}, O. and {Calvo}, M. and 
	{Catalano}, A. and {Coiffard}, G. and {D{\'e}sert}, F.-X. and 
	{Doyle}, S. and {Goupy}, J. and {Kramer}, C. and {Lagache}, G. and 
	{Leclercq}, S. and {Mac{\'{\i}}as-P{\'e}rez}, J.~F. and {Mauskopf}, P. and 
	{Mayet}, F. and {Monfardini}, A. and {Pajot}, F. and {Pascale}, E. and 
	{Perotto}, L. and {Pointecouteau}, E. and {Pisano}, G. and {Ponthieu}, N. and 
	{Pratt}, G.~W. and {Rev{\'e}ret}, V. and {Ritacco}, A. and {Rodriguez}, L. and 
	{Romero}, C. and {Ruppin}, F. and {Savini}, G. and {Schuster}, K. and 
	{Sievers}, A. and {Triqueneaux}, S. and {Tucker}, C. and {Zilch}, R.
	},
    title = "{High angular resolution SZ observations with NIKA and NIKA2}",
  journal = {ArXiv e-prints},
archivePrefix = "arXiv",
   eprint = {1605.09549},
 keywords = {Astrophysics - Cosmology and Nongalactic Astrophysics},
     year = 2016,
    month = may,
   adsurl = {http://adsabs.harvard.edu/abs/2016arXiv160509549C},
  adsnote = {Provided by the SAO/NASA Astrophysics Data System}
}

%Deconvolution Xray
@ARTICLE{Croston2006,
   author = {{Croston}, J.~H. and {Arnaud}, M. and {Pointecouteau}, E. and 
	{Pratt}, G.~W.},
    title = "{An improved deprojection and PSF-deconvolution technique for galaxy-cluster X-ray surface-brightness profiles}",
  journal = {\aap},
   eprint = {astro-ph/0608700},
 keywords = {galaxies: clusters: general, X-rays: galaxies: clusters},
     year = 2006,
    month = dec,
   volume = 459,
    pages = {1007-1019},
      doi = {10.1051/0004-6361:20065795},
   adsurl = {http://adsabs.harvard.edu/abs/2006A%26A...459.1007C},
  adsnote = {Provided by the SAO/NASA Astrophysics Data System}
}

%Modified chi2 with fitting technics
@ARTICLE{Orear1982,
   author = {{Orear}, J.},
    title = "{Least squares when both variables have uncertainties}",
  journal = {American Journal of Physics},
     year = 1982,
    month = oct,
   volume = 50,
    pages = {912-916},
      doi = {10.1119/1.12972},
   adsurl = {http://adsabs.harvard.edu/abs/1982AmJPh..50..912O},
  adsnote = {Provided by the SAO/NASA Astrophysics Data System}
}

%For scatter definition
@ARTICLE{Pratt2009,
   author = {{Pratt}, G.~W. and {Croston}, J.~H. and {Arnaud}, M. and {B{\"o}hringer}, H.
	},
    title = "{Galaxy cluster X-ray luminosity scaling relations from a representative local sample (REXCESS)}",
  journal = {\aap},
archivePrefix = "arXiv",
   eprint = {0809.3784},
 keywords = {X-rays: galaxies: clusters, galaxies: clusters: general, intergalactic medium, cosmology: observations, dark matter},
     year = 2009,
    month = may,
   volume = 498,
    pages = {361-378},
      doi = {10.1051/0004-6361/200810994},
   adsurl = {http://adsabs.harvard.edu/abs/2009A%26A...498..361P},
  adsnote = {Provided by the SAO/NASA Astrophysics Data System}
}

%Metropolis Hasting
@article{Chib1995,
  author = {Chib, Siddhartha and Greenberg, Edward},
  journal = {The American Statistician},
  keywords = {bayes kalmanfilter mcmc metropolishastings statistics uncertainty},
  month = Nov,
  number = 4,
  pages = {327-335},
  timestamp = {2008-08-19T15:04:38.000+0200},
  title = {Understanding the Metropolis-Hastings Algorithm},
  url = {http://www.jstor.org/stable/2684568},
  volume = 49,
  year = 1995
}

%Clumping
@ARTICLE{Tchernin2016,
   author = {{Tchernin}, C. and {Eckert}, D. and {Ettori}, S. and {Pointecouteau}, E. and 
	{Paltani}, S. and {Molendi}, S. and {Hurier}, G. and {Gastaldello}, F. and 
	{Lau}, E.~T. and {Nagai}, D. and {Roncarelli}, M. and {Rossetti}, M.
	},
    title = "{The XMM Cluster Outskirts Project (X-COP): Physical conditions of Abell 2142 up to the virial radius}",
  journal = {\aap},
archivePrefix = "arXiv",
   eprint = {1606.05657},
 keywords = {X-rays: galaxies: clusters, radiation mechanisms: thermal, galaxies: clusters: intracluster medium, cosmology: observations, submillimeter: general},
     year = 2016,
    month = oct,
   volume = 595,
      eid = {A42},
    pages = {A42},
      doi = {10.1051/0004-6361/201628183},
   adsurl = {http://adsabs.harvard.edu/abs/2016A%26A...595A..42T},
  adsnote = {Provided by the SAO/NASA Astrophysics Data System}
}

@ARTICLE{Nagai2011,
   author = {{Nagai}, D. and {Lau}, E.~T.},
    title = "{Gas Clumping in the Outskirts of {$\Lambda$}CDM Clusters}",
  journal = {\apjl},
archivePrefix = "arXiv",
   eprint = {1103.0280},
 keywords = {cosmology: theory, galaxies: clusters: general, methods: numerical, X-rays: galaxies: clusters},
     year = 2011,
    month = apr,
   volume = 731,
      eid = {L10},
    pages = {L10},
      doi = {10.1088/2041-8205/731/1/L10},
   adsurl = {http://adsabs.harvard.edu/abs/2011ApJ...731L..10N},
  adsnote = {Provided by the SAO/NASA Astrophysics Data System}
}

@ARTICLE{Zhuravleva2013,
   author = {{Zhuravleva}, I. and {Churazov}, E. and {Kravtsov}, A. and {Lau}, E.~T. and 
	{Nagai}, D. and {Sunyaev}, R.},
    title = "{Quantifying properties of ICM inhomogeneities}",
  journal = {\mnras},
archivePrefix = "arXiv",
   eprint = {1210.6706},
 primaryClass = "astro-ph.HE",
 keywords = {methods: numerical, galaxies: clusters: intracluster medium, X-rays: galaxies: clusters},
     year = 2013,
    month = feb,
   volume = 428,
    pages = {3274-3287},
      doi = {10.1093/mnras/sts275},
   adsurl = {http://adsabs.harvard.edu/abs/2013MNRAS.428.3274Z},
  adsnote = {Provided by the SAO/NASA Astrophysics Data System}
}

@ARTICLE{Vazza2013,
   author = {{Vazza}, F. and {Eckert}, D. and {Simionescu}, A. and {Br{\"u}ggen}, M. and 
	{Ettori}, S.},
    title = "{Properties of gas clumps and gas clumping factor in the intra-cluster medium}",
  journal = {\mnras},
archivePrefix = "arXiv",
   eprint = {1211.1695},
 keywords = {galaxies: clusters: general},
     year = 2013,
    month = feb,
   volume = 429,
    pages = {799-814},
      doi = {10.1093/mnras/sts375},
   adsurl = {http://adsabs.harvard.edu/abs/2013MNRAS.429..799V},
  adsnote = {Provided by the SAO/NASA Astrophysics Data System}
}

%Planck overview
@ARTICLE{Planck2015I,
   author = {{Planck Collaboration} and {Adam}, R. and {Ade}, P.~A.~R. and 
	{Aghanim}, N. and {Akrami}, Y. and {Alves}, M.~I.~R. and {Arg{\"u}eso}, F. and 
	{Arnaud}, M. and {Arroja}, F. and {Ashdown}, M. and et al.},
    title = "{Planck 2015 results. I. Overview of products and scientific results}",
  journal = {\aap},
archivePrefix = "arXiv",
   eprint = {1502.01582},
 keywords = {cosmology: observations, cosmic background radiation, surveys, space vehicles: instruments, instrumentation: detectors},
     year = 2016,
    month = sep,
   volume = 594,
      eid = {A1},
    pages = {A1},
      doi = {10.1051/0004-6361/201527101},
   adsurl = {http://adsabs.harvard.edu/abs/2016A%26A...594A...1P},
  adsnote = {Provided by the SAO/NASA Astrophysics Data System}
}

%Multiphase and Tgmw vs Tspec
@ARTICLE{Mathiesen2001,
   author = {{Mathiesen}, B.~F. and {Evrard}, A.~E.},
    title = "{Four Measures of the Intracluster Medium Temperature and Their Relation to a Cluster's Dynamical State}",
  journal = {\apj},
   eprint = {astro-ph/0004309},
 keywords = {Cosmology: Observations, Galaxies: Clusters: General, Galaxies: Intergalactic Medium, X-Rays: General},
     year = 2001,
    month = jan,
   volume = 546,
    pages = {100-116},
      doi = {10.1086/318249},
   adsurl = {http://adsabs.harvard.edu/abs/2001ApJ...546..100M},
  adsnote = {Provided by the SAO/NASA Astrophysics Data System}
}

%SZ+X deproj T
@ARTICLE{Kitayama2004,
   author = {{Kitayama}, T. and {Komatsu}, E. and {Ota}, N. and {Kuwabara}, T. and 
	{Suto}, Y. and {Yoshikawa}, K. and {Hattori}, M. and {Matsuo}, H.
	},
    title = "{Exploring Cluster Physics with High-Resolution Sunyaev--Zel'dovich Effect Images and X-Ray Data: The Case of the Most X-Ray-Luminous Galaxy Cluster RX J1347-1145}",
  journal = {\pasj},
   eprint = {astro-ph/0311574},
 keywords = {cosmology: observations, galaxies: clusters: individual (RX J1347-1145), radio continuum: galaxies, submillimeter, X-rays: galaxies: clusters},
     year = 2004,
    month = feb,
   volume = 56,
    pages = {17-28},
      doi = {10.1093/pasj/56.1.17},
   adsurl = {http://adsabs.harvard.edu/abs/2004PASJ...56...17K},
  adsnote = {Provided by the SAO/NASA Astrophysics Data System}
}

@ARTICLE{Pointecouteau2002,
   author = {{Pointecouteau}, E. and {Hattori}, M. and {Neumann}, D. and 
	{Komatsu}, E. and {Matsuo}, H. and {Kuno}, N. and {B{\"o}hringer}, H.
	},
    title = "{SZ and X-ray combined analysis of a distant galaxy cluster, RX J2228+2037.}",
  journal = {\aap},
   eprint = {astro-ph/0203268},
 keywords = {cosmology: observation, galaxies: clusters: individual: RX J2228+2037, galaxies: intergalactic medium},
     year = 2002,
    month = may,
   volume = 387,
    pages = {56-62},
      doi = {10.1051/0004-6361:20020394},
   adsurl = {http://adsabs.harvard.edu/abs/2002A%26A...387...56P},
  adsnote = {Provided by the SAO/NASA Astrophysics Data System}
}

%APEC paper
@ARTICLE{smith2001,
   author = {{Smith}, R.~K. and {Brickhouse}, N.~S. and {Liedahl}, D.~A. and 
	{Raymond}, J.~C.},
    title = "{Collisional Plasma Models with APEC/APED: Emission-Line Diagnostics of Hydrogen-like and Helium-like Ions}",
  journal = {\apjl},
   eprint = {astro-ph/0106478},
 keywords = {Atomic Data, Atomic Processes, Plasmas, Radiation Mechanisms: Thermal, X-Rays: General},
     year = 2001,
    month = aug,
   volume = 556,
    pages = {L91-L95},
      doi = {10.1086/322992},
   adsurl = {http://adsabs.harvard.edu/abs/2001ApJ...556L..91S},
  adsnote = {Provided by the SAO/NASA Astrophysics Data System}
}