%%%%%%%%%%%%%%%%%%%%%%%%%%%%%%%%%%%%%%%%%%%%%%%
%%%%%%%%%%% General: cosmology, LSS, clusters
%%%%%%%%%%%%%%%%%%%%%%%%%%%%%%%%%%%%%%%%%%%%%%%

@ARTICLE{voit2005,
   author = {{Voit}, G.~M.},
    title = "{Tracing cosmic evolution with clusters of galaxies}",
  journal = {Reviews of Modern Physics},
   eprint = {astro-ph/0410173},
 keywords = {Origin and formation of the Universe, Galaxy clusters, Superclusters, large-scale structure of the Universe, Particle-theory and field-theory models of the early Universe, Observational cosmology, Dark matter, Star formation, Relativity and gravitation, Elementary particle processes, Supernovae, Active and peculiar galaxies and related systems, Galactic nuclei circumnuclear matter and bulges, Surveys and tutorial papers, resource letters, Background radiations},
     year = 2005,
    month = apr,
   volume = 77,
    pages = {207-258},
      doi = {10.1103/RevModPhys.77.207},
   adsurl = {http://adsabs.harvard.edu/abs/2005RvMP...77..207V},
  adsnote = {Provided by the SAO/NASA Astrophysics Data System}
}

@ARTICLE{planck2013param,
   author = {{Planck Collaboration} and {Ade}, P.~A.~R. and {Aghanim}, N. and 
	{Armitage-Caplan}, C. and {Arnaud}, M. and {Ashdown}, M. and 
	{Atrio-Barandela}, F. and {Aumont}, J. and {Baccigalupi}, C. and 
	{Banday}, A.~J. and et al.},
    title = "{Planck 2013 results. XVI. Cosmological parameters}",
  journal = {ArXiv e-prints},
archivePrefix = "arXiv",
   eprint = {1303.5076},
 primaryClass = "astro-ph.CO",
 keywords = {Astrophysics - Cosmology and Extragalactic Astrophysics},
     year = 2013,
    month = mar,
   adsurl = {http://adsabs.harvard.edu/abs/2013arXiv1303.5076P},
  adsnote = {Provided by the SAO/NASA Astrophysics Data System}
}

@ARTICLE{allen2011,
   author = {{Allen}, S.~W. and {Evrard}, A.~E. and {Mantz}, A.~B.},
    title = "{Cosmological Parameters from Observations of Galaxy Clusters}",
  journal = {\araa},
archivePrefix = "arXiv",
   eprint = {1103.4829},
 primaryClass = "astro-ph.CO",
     year = 2011,
    month = sep,
   volume = 49,
    pages = {409-470},
      doi = {10.1146/annurev-astro-081710-102514},
   adsurl = {http://adsabs.harvard.edu/abs/2011ARA%26A..49..409A},
  adsnote = {Provided by the SAO/NASA Astrophysics Data System}
}

@ARTICLE{zwicky1933,
   author = {{Zwicky}, F.},
    title = "{Die Rotverschiebung von extragalaktischen Nebeln}",
  journal = {Helvetica Physica Acta},
     year = 1933,
   volume = 6,
    pages = {110-127},
   adsurl = {http://adsabs.harvard.edu/abs/1933AcHPh...6..110Z},
  adsnote = {Provided by the SAO/NASA Astrophysics Data System}
}

@ARTICLE{bartelmann2010,
   author = {{Bartelmann}, M.},
    title = "{TOPICAL REVIEW Gravitational lensing}",
  journal = {Classical and Quantum Gravity},
archivePrefix = "arXiv",
   eprint = {1010.3829},
 primaryClass = "astro-ph.CO",
     year = 2010,
    month = dec,
   volume = 27,
   number = 23,
      eid = {233001},
    pages = {233001},
      doi = {10.1088/0264-9381/27/23/233001},
   adsurl = {http://adsabs.harvard.edu/abs/2010CQGra..27w3001B},
  adsnote = {Provided by the SAO/NASA Astrophysics Data System}
}

@INPROCEEDINGS{feretti2011,
   author = {{Feretti}, L. and {Giovannini}, G. and {Govoni}, F. and {Murgia}, M.
	},
    title = "{Relativistic plasma and ICM/radio source interaction}",
 keywords = {galaxies: clusters: general, cooling flows, intergalactic medium, magnetic fields, radio continuum: general, radiation mechanisms: nonthermal},
booktitle = {IAU Symposium},
     year = 2011,
   series = {IAU Symposium},
   volume = 274,
archivePrefix = "arXiv",
   eprint = {1101.1887},
 primaryClass = "astro-ph.HE",
   editor = {{Bonanno}, A. and {de Gouveia Dal Pino}, E. and {Kosovichev}, A.~G.
	},
    month = jun,
    pages = {340-347},
      doi = {10.1017/S1743921311007241},
   adsurl = {http://adsabs.harvard.edu/abs/2011IAUS..274..340F},
  adsnote = {Provided by the SAO/NASA Astrophysics Data System}
}

@ARTICLE{sarazin1988,
   author = {{Sarazin}, C.~L.},
    title = "{Book-Review - X-Ray Emissions from Clusters of Galaxies}",
  journal = {\skytel},
     year = 1988,
    month = dec,
   volume = 76,
    pages = {639},
   adsurl = {http://adsabs.harvard.edu/abs/1988S%26T....76Q.639S},
  adsnote = {Provided by the SAO/NASA Astrophysics Data System}
}

@ARTICLE{bohringer2010,
   author = {{B{\"o}hringer}, H. and {Werner}, N.},
    title = "{X-ray spectroscopy of galaxy clusters: studying astrophysical processes in the largest celestial laboratories}",
  journal = {\aapr},
 keywords = {X-ray astronomy, Galaxies: clusters of galaxies, Spectroscopy: X-rays},
     year = 2010,
    month = feb,
   volume = 18,
    pages = {127-196},
      doi = {10.1007/s00159-009-0023-3},
   adsurl = {http://adsabs.harvard.edu/abs/2010A%26ARv..18..127B},
  adsnote = {Provided by the SAO/NASA Astrophysics Data System}
}

@ARTICLE{planck2013catalogue,
   author = {{Planck Collaboration} and {Ade}, P.~A.~R. and {Aghanim}, N. and 
	{Armitage-Caplan}, C. and {Arnaud}, M. and {Ashdown}, M. and 
	{Atrio-Barandela}, F. and {Aumont}, J. and {Aussel}, H. and 
	{Baccigalupi}, C. and et al.},
    title = "{Planck 2013 results. XXIX. Planck catalogue of Sunyaev-Zeldovich sources}",
  journal = {ArXiv e-prints},
archivePrefix = "arXiv",
   eprint = {1303.5089},
 keywords = {Astrophysics - Cosmology and Nongalactic Astrophysics},
     year = 2013,
    month = mar,
   adsurl = {http://adsabs.harvard.edu/abs/2013arXiv1303.5089P},
  adsnote = {Provided by the SAO/NASA Astrophysics Data System}
}

@ARTICLE{reichardt2013,
   author = {{Reichardt}, C.~L. and {Stalder}, B. and {Bleem}, L.~E. and 
	{Montroy}, T.~E. and {Aird}, K.~A. and {Andersson}, K. and {Armstrong}, R. and 
	{Ashby}, M.~L.~N. and {Bautz}, M. and {Bayliss}, M. and {Bazin}, G. and 
	{Benson}, B.~A. and {Brodwin}, M. and {Carlstrom}, J.~E. and 
	{Chang}, C.~L. and {Cho}, H.~M. and {Clocchiatti}, A. and {Crawford}, T.~M. and 
	{Crites}, A.~T. and {de Haan}, T. and {Desai}, S. and {Dobbs}, M.~A. and 
	{Dudley}, J.~P. and {Foley}, R.~J. and {Forman}, W.~R. and {George}, E.~M. and 
	{Gladders}, M.~D. and {Gonzalez}, A.~H. and {Halverson}, N.~W. and 
	{Harrington}, N.~L. and {High}, F.~W. and {Holder}, G.~P. and 
	{Holzapfel}, W.~L. and {Hoover}, S. and {Hrubes}, J.~D. and 
	{Jones}, C. and {Joy}, M. and {Keisler}, R. and {Knox}, L. and 
	{Lee}, A.~T. and {Leitch}, E.~M. and {Liu}, J. and {Lueker}, M. and 
	{Luong-Van}, D. and {Mantz}, A. and {Marrone}, D.~P. and {McDonald}, M. and 
	{McMahon}, J.~J. and {Mehl}, J. and {Meyer}, S.~S. and {Mocanu}, L. and 
	{Mohr}, J.~J. and {Murray}, S.~S. and {Natoli}, T. and {Padin}, S. and 
	{Plagge}, T. and {Pryke}, C. and {Rest}, A. and {Ruel}, J. and 
	{Ruhl}, J.~E. and {Saliwanchik}, B.~R. and {Saro}, A. and {Sayre}, J.~T. and 
	{Schaffer}, K.~K. and {Shaw}, L. and {Shirokoff}, E. and {Song}, J. and 
	{Spieler}, H.~G. and {Staniszewski}, Z. and {Stark}, A.~A. and 
	{Story}, K. and {Stubbs}, C.~W. and {{\v S}uhada}, R. and {van Engelen}, A. and 
	{Vanderlinde}, K. and {Vieira}, J.~D. and {Vikhlinin}, A. and 
	{Williamson}, R. and {Zahn}, O. and {Zenteno}, A.},
    title = "{Galaxy Clusters Discovered via the Sunyaev-Zel'dovich Effect in the First 720 Square Degrees of the South Pole Telescope Survey}",
  journal = {\apj},
archivePrefix = "arXiv",
   eprint = {1203.5775},
 primaryClass = "astro-ph.CO",
 keywords = {cosmic background radiation, cosmology: observations, galaxies: clusters: individual, large-scale structure of universe},
     year = 2013,
    month = feb,
   volume = 763,
      eid = {127},
    pages = {127},
      doi = {10.1088/0004-637X/763/2/127},
   adsurl = {http://adsabs.harvard.edu/abs/2013ApJ...763..127R},
  adsnote = {Provided by the SAO/NASA Astrophysics Data System}
}

@ARTICLE{bleem2014,
   author = {{Bleem}, L.~E. and {Stalder}, B. and {de Haan}, T. and {Aird}, K.~A. and 
	{Allen}, S.~W. and {Applegate}, D.~E. and {Ashby}, M.~L.~N. and 
	{Bautz}, M. and {Bayliss}, M. and {Benson}, B.~A. and {Bocquet}, S. and 
	{Brodwin}, M. and {Carlstrom}, J.~E. and {Chang}, C.~L. and 
	{Chiu}, I. and {Cho}, H.~M. and {Clocchiatti}, A. and {Crawford}, T.~M. and 
	{Crites}, A.~T. and {Desai}, S. and {Dietrich}, J.~P. and {Dobbs}, M.~A. and 
	{Foley}, R.~J. and {Forman}, W.~R. and {George}, E.~M. and {Gladders}, M.~D. and 
	{Gonzalez}, A.~H. and {Halverson}, N.~W. and {Hennig}, C. and 
	{Hoekstra}, H. and {Holder}, G.~P. and {Holzapfel}, W.~L. and 
	{Hrubes}, J.~D. and {Jones}, C. and {Keisler}, R. and {Knox}, L. and 
	{Lee}, A.~T. and {Leitch}, E.~M. and {Liu}, J. and {Lueker}, M. and 
	{Luong-Van}, D. and {Mantz}, A. and {Marrone}, D.~P. and {McDonald}, M. and 
	{McMahon}, J.~J. and {Meyer}, S.~S. and {Mocanu}, L. and {Mohr}, J.~J. and 
	{Murray}, S.~S. and {Padin}, S. and {Pryke}, C. and {Reichardt}, C.~L. and 
	{Rest}, A. and {Ruel}, J. and {Ruhl}, J.~E. and {Saliwanchik}, B.~R. and 
	{Saro}, A. and {Sayre}, J.~T. and {Schaffer}, K.~K. and {Schrabback}, T. and 
	{Shirokoff}, E. and {Song}, J. and {Spieler}, H.~G. and {Stanford}, S.~A. and 
	{Staniszewski}, Z. and {Stark}, A.~A. and {Story}, K.~T. and 
	{Stubbs}, C.~W. and {Vanderlinde}, K. and {Vieira}, J.~D. and 
	{Vikhlinin}, A. and {Williamson}, R. and {Zahn}, O. and {Zenteno}, A.
	},
    title = "{Galaxy Clusters Discovered via the Sunyaev-Zel'dovich Effect in the 2500-square-degree SPT-SZ survey}",
  journal = {ArXiv e-prints},
archivePrefix = "arXiv",
   eprint = {1409.0850},
 keywords = {Astrophysics - Cosmology and Nongalactic Astrophysics},
     year = 2014,
    month = sep,
   adsurl = {http://adsabs.harvard.edu/abs/2014arXiv1409.0850B},
  adsnote = {Provided by the SAO/NASA Astrophysics Data System}
}

@ARTICLE{hasselfield2013,
   author = {{Hasselfield}, M. and {Hilton}, M. and {Marriage}, T.~A. and 
	{Addison}, G.~E. and {Barrientos}, L.~F. and {Battaglia}, N. and 
	{Battistelli}, E.~S. and {Bond}, J.~R. and {Crichton}, D. and 
	{Das}, S. and {Devlin}, M.~J. and {Dicker}, S.~R. and {Dunkley}, J. and 
	{D{\"u}nner}, R. and {Fowler}, J.~W. and {Gralla}, M.~B. and 
	{Hajian}, A. and {Halpern}, M. and {Hincks}, A.~D. and {Hlozek}, R. and 
	{Hughes}, J.~P. and {Infante}, L. and {Irwin}, K.~D. and {Kosowsky}, A. and 
	{Marsden}, D. and {Menanteau}, F. and {Moodley}, K. and {Niemack}, M.~D. and 
	{Nolta}, M.~R. and {Page}, L.~A. and {Partridge}, B. and {Reese}, E.~D. and 
	{Schmitt}, B.~L. and {Sehgal}, N. and {Sherwin}, B.~D. and {Sievers}, J. and 
	{Sif{\'o}n}, C. and {Spergel}, D.~N. and {Staggs}, S.~T. and 
	{Swetz}, D.~S. and {Switzer}, E.~R. and {Thornton}, R. and {Trac}, H. and 
	{Wollack}, E.~J.},
    title = "{The Atacama Cosmology Telescope: Sunyaev-Zel'dovich selected galaxy clusters at 148 GHz from three seasons of data}",
  journal = {\jcap},
archivePrefix = "arXiv",
   eprint = {1301.0816},
 primaryClass = "astro-ph.CO",
     year = 2013,
    month = jul,
   volume = 7,
      eid = {008},
    pages = {8},
      doi = {10.1088/1475-7516/2013/07/008},
   adsurl = {http://adsabs.harvard.edu/abs/2013JCAP...07..008H},
  adsnote = {Provided by the SAO/NASA Astrophysics Data System}
}

@ARTICLE{planck2013ymap,
   author = {{Planck Collaboration} and {Ade}, P.~A.~R. and {Aghanim}, N. and 
	{Armitage-Caplan}, C. and {Arnaud}, M. and {Ashdown}, M. and 
	{Atrio-Barandela}, F. and {Aumont}, J. and {Baccigalupi}, C. and 
	{Banday}, A.~J. and et al.},
    title = "{Planck 2013 results. XXI. Cosmology with the all-sky Planck Compton parameter \$y\$-map}",
  journal = {ArXiv e-prints},
archivePrefix = "arXiv",
   eprint = {1303.5081},
 primaryClass = "astro-ph.CO",
 keywords = {Astrophysics - Cosmology and Extragalactic Astrophysics},
     year = 2013,
    month = mar,
   adsurl = {http://adsabs.harvard.edu/abs/2013arXiv1303.5081P},
  adsnote = {Provided by the SAO/NASA Astrophysics Data System}
}

@ARTICLE{hurier2013,
   author = {{Hurier}, G. and {Mac{\'{\i}}as-P{\'e}rez}, J.~F. and {Hildebrandt}, S.
	},
    title = "{MILCA, a modified internal linear combination algorithm to extract astrophysical emissions from multifrequency sky maps}",
  journal = {\aap},
archivePrefix = "arXiv",
   eprint = {1007.1149},
 primaryClass = "astro-ph.IM",
 keywords = {methods: data analysis, techniques: image processing, cosmic background radiation},
     year = 2013,
    month = oct,
   volume = 558,
      eid = {A118},
    pages = {A118},
      doi = {10.1051/0004-6361/201321891},
   adsurl = {http://adsabs.harvard.edu/abs/2013A%26A...558A.118H},
  adsnote = {Provided by the SAO/NASA Astrophysics Data System}
}

@ARTICLE{planck2013cluster_count,
   author = {{Planck Collaboration} and {Ade}, P.~A.~R. and {Aghanim}, N. and 
	{Armitage-Caplan}, C. and {Arnaud}, M. and {Ashdown}, M. and 
	{Atrio-Barandela}, F. and {Aumont}, J. and {Baccigalupi}, C. and 
	{Banday}, A.~J. and et al.},
    title = "{Planck 2013 results. XX. Cosmology from Sunyaev-Zeldovich cluster counts}",
  journal = {ArXiv e-prints},
archivePrefix = "arXiv",
   eprint = {1303.5080},
 keywords = {Astrophysics - Cosmology and Nongalactic Astrophysics},
     year = 2013,
    month = mar,
   adsurl = {http://adsabs.harvard.edu/abs/2013arXiv1303.5080P},
  adsnote = {Provided by the SAO/NASA Astrophysics Data System}
}

%%%%%%%%%%%%%%%%%%%%%%%%%%%%%%%%%%%%%%%%%%%%%%%
%%%%%%%%%%% General SZ papers
%%%%%%%%%%%%%%%%%%%%%%%%%%%%%%%%%%%%%%%%%%%%%%%

@ARTICLE{sunyaev1972,
 author={{Sunyaev}, R.~A. and {Zel'dovich}, Y.~B.},
 journal = {\apspr}, 
 volume = 4,
 pages={173},
 year= 1972,
 }

@ARTICLE{sunyaev1980,
 author={{Sunyaev}, R.~A. and {Zel'dovich}, Y.~B.},
 journal = {\araa}, 
 volume = 18,
 pages={537},
 year= 1980,
 }

@ARTICLE{birkinshaw1999,
   author = {{Birkinshaw}, M.},
    title = "{The Sunyaev-Zel'dovich effect}",
  journal = {\physrep},
   eprint = {arXiv:astro-ph/9808050},
     year = 1999,
    month = mar,
   volume = 310,
    pages = {97-195},
      doi = {10.1016/S0370-1573(98)00080-5},
   adsurl = {http://adsabs.harvard.edu/abs/1999PhR...310...97B},
  adsnote = {Provided by the SAO/NASA Astrophysics Data System}
}

@ARTICLE{carlstrom2002,
   author = {{Carlstrom}, J.~E. and {Holder}, G.~P. and {Reese}, E.~D.},
    title = "{Cosmology with the Sunyaev-Zel'dovich Effect}",
  journal = {\araa},
   eprint = {arXiv:astro-ph/0208192},
 keywords = {galaxy clusters, cosmic microwave background, structure formation, surveys},
     year = 2002,
   volume = 40,
    pages = {643-680},
      doi = {10.1146/annurev.astro.40.060401.093803},
   adsurl = {http://adsabs.harvard.edu/abs/2002ARA%26A..40..643C},
  adsnote = {Provided by the SAO/NASA Astrophysics Data System}
}

@ARTICLE{kitayama2014,
   author = {{Kitayama}, T.},
    title = "{Cosmological and Astrophysical Implications of the Sunyaev-Zel'dovich Effect}",
  journal = {ArXiv e-prints},
archivePrefix = "arXiv",
   eprint = {1404.0870},
 keywords = {Astrophysics - Cosmology and Nongalactic Astrophysics},
     year = 2014,
    month = apr,
   adsurl = {http://adsabs.harvard.edu/abs/2014arXiv1404.0870K},
  adsnote = {Provided by the SAO/NASA Astrophysics Data System}
}

@ARTICLE{nagai2006,
   author = {{Nagai}, D.},
    title = "{The Impact of Galaxy Formation on the Sunyaev-Zel'dovich Effect of Galaxy Clusters}",
  journal = {\apj},
   eprint = {astro-ph/0512208},
 keywords = {Cosmology: Theory, Galaxies: Clusters: General, Methods: Numerical},
     year = 2006,
    month = oct,
   volume = 650,
    pages = {538-549},
      doi = {10.1086/506467},
   adsurl = {http://adsabs.harvard.edu/abs/2006ApJ...650..538N},
  adsnote = {Provided by the SAO/NASA Astrophysics Data System}
}

%%%%%%%%%%%%%%%%%%%%%%%%%%%%%%%%%%%%%%%%%%%%%%%
%%%%%%%%%%% NIKA papers
%%%%%%%%%%%%%%%%%%%%%%%%%%%%%%%%%%%%%%%%%%%%%%%
	
@ARTICLE{monfardini2010,
   author = {{Monfardini}, A. and {Swenson}, L.~J. and {Bideaud}, A. and 
	{D{\'e}sert}, F.~X. and {Yates}, S.~J.~C. and {Benoit}, A. and 
	{Baryshev}, A.~M. and {Baselmans}, J.~J.~A. and {Doyle}, S. and 
	{Klein}, B. and {Roesch}, M. and {Tucker}, C. and {Ade}, P. and 
	{Calvo}, M. and {Camus}, P. and {Giordano}, C. and {Guesten}, R. and 
	{Hoffmann}, C. and {Leclercq}, S. and {Mauskopf}, P. and {Schuster}, K.~F.},
    title = "{NIKA: A millimeter-wave kinetic inductance camera}",
  journal = {\aap},
archivePrefix = "arXiv",
   eprint = {1004.2209},
 primaryClass = "astro-ph.IM",
 keywords = {instrumentation: detectors, submillimeter: general},
     year = 2010,
    month = oct,
   volume = 521,
      eid = {A29},
    pages = {A29},
      doi = {10.1051/0004-6361/201014727},
   adsurl = {http://adsabs.harvard.edu/abs/2010A%26A...521A..29M},
  adsnote = {Provided by the SAO/NASA Astrophysics Data System}
}

@ARTICLE{monfardini2011,
   author = {{Monfardini}, A. and {Benoit}, A. and {Bideaud}, A. and {Swenson}, L.~J. and 
	{Cruciani}, A. and {Camus}, P. and {Hoffmann}, C. and {D{\'e}sert}, F.~X. and 
	{Doyle}, S. and {Ade}, P. and {Mauskopf}, P. and {Tucker}, C. and 
	{Roesch}, M. and {Leclercq}, S. and {Schuster}, K.~F. and {Endo}, A. and 
	{Baryshev}, A. and {Baselmans}, J.~J.~A. and {Ferrari}, L. and 
	{Yates}, S.~J.~C. and {Bourrion}, O. and {Macias-Perez}, J. and 
	{Vescovi}, C. and {Calvo}, M. and {Giordano}, C.},
    title = "{A Dual-band Millimeter-wave Kinetic Inductance Camera for the IRAM 30 m Telescope}",
  journal = {\apjs},
archivePrefix = "arXiv",
   eprint = {1102.0870},
 primaryClass = "astro-ph.IM",
 keywords = {instrumentation: detectors, radio continuum: galaxies, radio continuum: general, submillimeter: galaxies, submillimeter: general, techniques: miscellaneous},
     year = 2011,
    month = jun,
   volume = 194,
      eid = {24},
    pages = {24},
      doi = {10.1088/0067-0049/194/2/24},
   adsurl = {http://adsabs.harvard.edu/abs/2011ApJS..194...24M},
  adsnote = {Provided by the SAO/NASA Astrophysics Data System}
}

@ARTICLE{calvo2012,
   author = {{Calvo}, M. and {Roesch}, M. and {D{\'e}sert}, F.~X. and {Benoit}, A. and {Monfardini}, A. and {Ade}, P. and {Boudou}, N. and {Bourrion}, O. and {Camus}, P. and {Cruciani}, A. and {Doyle}, S. and {Hoffmann}, C. and {Leclercq}, S. and {Macias-Perez}, J. and {Mauskopf}, P. and {Ponthieu}, N. and {Schuster}, K.~F. and {Tucker}, C. and {Vescovi}, C.},
    title = "{Improved mm-wave photometry for Kinetic Inductance Detectors}",
  journal = {\aap},
     year = 2012,
}

@ARTICLE{bourion2011,
      author = {{Bourrion}, O. and {Bideaud}, A. and {Benoit}, A. and {Cruciani}, A. and {Macias-Perez}, J.~F. and {Monfardini}, A. and {Roesch}, M. and {Swenson}, L.~J. and {Vescovi}, C.},
      title          = "{Electronics and data acquisition demonstrator for a kinetic inductance camera}",
      journal        = {JINST},
      volume         = 6,
      pages          = {P06012},
      doi            = {10.1088/1748-0221/6/06/P06012},
      year           = 2011,
      eprint         = {1102.1314},
      archivePrefix  = "arXiv",
      primaryClass   = "astro-ph.IM",
}

@ARTICLE{catalano2014,
   author = {{Catalano}, A. and {Calvo}, M. and {Ponthieu}, N. and {Adam}, R. and 
	{Adane}, A. and {Ade}, P. and {Andre}, P. and {Beelen}, A. and 
	{Belier}, B. and {Benoit}, A. and {Bideaud}, A. and {Billot}, N. and 
	{Boudou}, N. and {Bourrion}, O. and {Coiffard}, G. and {Comis}, B. and 
	{D'Addabbo}, A. and {Desert}, F.-X. and {Doyle}, S. and {Goupy}, J. and 
	{Kramer}, C. and {Leclercq}, S. and {Macias-Perez}, J.~F. and 
	{Martino}, J. and {Mauskopf}, P. and {Mayet}, F. and {Monfardini}, A. and 
	{Pajot}, F. and {Pascale}, E. and {Perotto}, L. and {Reveret}, V. and 
	{Rodriguez}, L. and {Savini}, G. and {Schuster}, K. and {Sievers}, A. and 
	{Tucker}, C. and {Zylka}, R.},
    title = "{Performance and calibration of the NIKA camera at the IRAM 30 m telescope}",
  journal = {ArXiv e-prints},
archivePrefix = "arXiv",
   eprint = {1402.0260},
 primaryClass = "astro-ph.IM",
 keywords = {Astrophysics - Instrumentation and Methods for Astrophysics},
     year = 2014,
    month = feb,
   adsurl = {http://adsabs.harvard.edu/abs/2014arXiv1402.0260C},
  adsnote = {Provided by the SAO/NASA Astrophysics Data System}
}

@ARTICLE{adam2013,
   author = {{Adam}, R. and {Comis}, B. and {Mac{\'{\i}}as-P{\'e}rez}, J.~F. and 
	{Adane}, A. and {Ade}, P. and {Andr{\'e}}, P. and {Beelen}, A. and 
	{Belier}, B. and {Beno{\^i}t}, A. and {Bideaud}, A. and {Billot}, N. and 
	{Boudou}, N. and {Bourrion}, O. and {Calvo}, M. and {Catalano}, A. and 
	{Coiffard}, G. and {D'Addabbo}, A. and {D{\'e}sert}, F.-X. and 
	{Doyle}, S. and {Goupy}, J. and {Kramer}, C. and {Leclercq}, S. and 
	{Martino}, J. and {Mauskopf}, P. and {Mayet}, F. and {Monfardini}, A. and 
	{Pajot}, F. and {Pascale}, E. and {Perotto}, L. and {Pointecouteau}, E. and 
	{Ponthieu}, N. and {Rev{\'e}ret}, V. and {Rodriguez}, L. and 
	{Savini}, G. and {Schuster}, K. and {Sievers}, A. and {Tucker}, C. and 
	{Zylka}, R.},
    title = "{First observation of the thermal Sunyaev-Zel'dovich effect with kinetic inductance detectors}",
  journal = {\aap},
archivePrefix = "arXiv",
   eprint = {1310.6237},
 keywords = {instrumentation: detectors, techniques: high angular resolution, galaxies: clusters: individual: RX J1347.5-1145, galaxies: clusters: intracluster medium},
     year = 2014,
    month = sep,
   volume = 569,
      eid = {A66},
    pages = {A66},
      doi = {10.1051/0004-6361/201322902},
   adsurl = {http://adsabs.harvard.edu/abs/2014A%26A...569A..66A},
  adsnote = {Provided by the SAO/NASA Astrophysics Data System}
}


%%%%%%%%%%%%%%%%%%%%%%%%%%%%%%%%%%%%%%%%%%%%%%%
%%%%%%%%%%% Calibration
%%%%%%%%%%%%%%%%%%%%%%%%%%%%%%%%%%%%%%%%%%%%%%%

@article{moreno2010,
  author = {{Moreno}, R.},
  journal = {Neptune and Uranus planetary brightness temperature
tabulation. Tech. rep., ESA Herschel Science Center, available from
ftp://ftp.sciops.esa.int/pub/hsc-calibration/PlanetaryModels/ESA2},
  year = 2010
}

@ARTICLE{planck2013calib,
   author = {{Planck Collaboration} and {Ade}, P.~A.~R. and {Aghanim}, N. and 
	{Armitage-Caplan}, C. and {Arnaud}, M. and {Ashdown}, M. and 
	{Atrio-Barandela}, F. and {Aumont}, J. and {Baccigalupi}, C. and 
	{Banday}, A.~J. and et al.},
    title = "{Planck 2013 results. VIII. HFI photometric calibration and mapmaking}",
  journal = {ArXiv e-prints},
archivePrefix = "arXiv",
   eprint = {1303.5069},
 primaryClass = "astro-ph.CO",
 keywords = {Astrophysics - Cosmology and Extragalactic Astrophysics, Astrophysics - Instrumentation and Methods for Astrophysics},
     year = 2013,
    month = mar,
   adsurl = {http://adsabs.harvard.edu/abs/2013arXiv1303.5069P},
  adsnote = {Provided by the SAO/NASA Astrophysics Data System}
}

@ARTICLE{planck2013mission,
   author = {{Planck Collaboration} and {Ade}, P.~A.~R. and {Aghanim}, N. and 
	{Alves}, M.~I.~R. and {Armitage-Caplan}, C. and {Arnaud}, M. and 
	{Ashdown}, M. and {Atrio-Barandela}, F. and {Aumont}, J. and 
	{Aussel}, H. and et al.},
    title = "{Planck 2013 results. I. Overview of products and scientific results}",
  journal = {ArXiv e-prints},
archivePrefix = "arXiv",
   eprint = {1303.5062},
 keywords = {Astrophysics - Cosmology and Nongalactic Astrophysics},
     year = 2013,
    month = mar,
   adsurl = {http://adsabs.harvard.edu/abs/2013arXiv1303.5062P},
  adsnote = {Provided by the SAO/NASA Astrophysics Data System}
}

%%%%%%%%%%%%%%%%%%%%%%%%%%%%%%%%%%%%%%%%%%%%%%%
%%%%%%%%%%% CLJ1227
%%%%%%%%%%%%%%%%%%%%%%%%%%%%%%%%%%%%%%%%%%%%%%%

@ARTICLE{holden2009,
   author = {{Holden}, B.~P. and {Franx}, M. and {Illingworth}, G.~D. and 
	{Postman}, M. and {van der Wel}, A. and {Kelson}, D.~D. and 
	{Blakeslee}, J.~P. and {Ford}, H. and {Demarco}, R. and {Mei}, S.
	},
    title = "{The Ellipticities of Cluster Early-type Galaxies from z \~{} 1 to z \~{} 0: No Evolution in the Overall Distribution of Bulge-to-Disk Ratios}",
  journal = {\apj},
archivePrefix = "arXiv",
   eprint = {0811.1986},
 keywords = {galaxies: clusters: general, galaxies: clusters: individual: CL 1226.9+3332, galaxies: elliptical and lenticular, cD, galaxies: evolution, galaxies: fundamental parameters, galaxies: photometry},
     year = 2009,
    month = mar,
   volume = 693,
    pages = {617-633},
      doi = {10.1088/0004-637X/693/1/617},
   adsurl = {http://cdsads.u-strasbg.fr/abs/2009ApJ...693..617H},
  adsnote = {Provided by the SAO/NASA Astrophysics Data System}
}

@ARTICLE{jee2009,
   author = {{Jee}, M.~J. and {Tyson}, J.~A.},
    title = "{Dark Matter in the Galaxy Cluster CL J1226+3332 at z = 0.89}",
  journal = {\apj},
archivePrefix = "arXiv",
   eprint = {0810.0709},
 keywords = {cosmology: observations, dark matter, galaxies: clusters: individual: CL J1226+3332, galaxies: high-redshift, gravitational lensing, X-rays: galaxies: clusters},
     year = 2009,
    month = feb,
   volume = 691,
    pages = {1337-1347},
      doi = {10.1088/0004-637X/691/2/1337},
   adsurl = {http://adsabs.harvard.edu/abs/2009ApJ...691.1337J},
  adsnote = {Provided by the SAO/NASA Astrophysics Data System}
}

@ARTICLE{ebeling2001,
   author = {{Ebeling}, H. and {Jones}, L.~R. and {Fairley}, B.~W. and {Perlman}, E. and 
	{Scharf}, C. and {Horner}, D.},
    title = "{Discovery of a Very X-Ray Luminous Galaxy Cluster at Z=0.89 in the Wide Angle ROSAT Pointed Survey}",
  journal = {\apjl},
   eprint = {astro-ph/0012175},
 keywords = {Cosmology: Observations, Galaxies: Clusters: General, Galaxies: Clusters: Individual: Alphanumeric: Cl J1226.9+3332, : Alphanumeric: Cl J0152.7-1357, X-Rays: General},
     year = 2001,
    month = feb,
   volume = 548,
    pages = {L23-L27},
      doi = {10.1086/318915},
   adsurl = {http://adsabs.harvard.edu/abs/2001ApJ...548L..23E},
  adsnote = {Provided by the SAO/NASA Astrophysics Data System}
}

@ARTICLE{joy2001,
   author = {{Joy}, M. and {LaRoque}, S. and {Grego}, L. and {Carlstrom}, J.~E. and 
	{Dawson}, K. and {Ebeling}, H. and {Holzapfel}, W.~L. and {Nagai}, D. and 
	{Reese}, E.~D.},
    title = "{Sunyaev-Zeldovich Effect Imaging of Massive Clusters of Galaxies at Redshift Z{\gt}0.8}",
  journal = {\apjl},
   eprint = {astro-ph/0012052},
 keywords = {Cosmology: Cosmic Microwave Background, Cosmology: Observations, : Alphanumeric: Cl J0152.7-1357, Galaxies: Clusters: Individual: Alphanumeric: Cl J1226.9+3332, Galaxies: Clusters: Individual: Alphanumeric: MS 1054.4-0321, Techniques: Interferometric},
     year = 2001,
    month = apr,
   volume = 551,
    pages = {L1-L4},
      doi = {10.1086/319833},
   adsurl = {http://adsabs.harvard.edu/abs/2001ApJ...551L...1J},
  adsnote = {Provided by the SAO/NASA Astrophysics Data System}
}

@ARTICLE{maughan2004,
   author = {{Maughan}, B.~J. and {Jones}, L.~R. and {Ebeling}, H. and {Scharf}, C.
	},
    title = "{An XMM-Newton observation of the massive, relaxed galaxy cluster ClJ1226.9+3332 at z= 0.89}",
  journal = {\mnras},
   eprint = {astro-ph/0403521},
 keywords = {galaxies: clusters: general, galaxies: clusters: individual: ClJ12269+3332, galaxies: high-redshift, intergalactic medium, cosmology: observations, X-rays: galaxies},
     year = 2004,
    month = jul,
   volume = 351,
    pages = {1193-1203},
      doi = {10.1111/j.1365-2966.2004.07860.x},
   adsurl = {http://adsabs.harvard.edu/abs/2004MNRAS.351.1193M},
  adsnote = {Provided by the SAO/NASA Astrophysics Data System}
}

@ARTICLE{bonamente2006,
   author = {{Bonamente}, M. and {Joy}, M.~K. and {LaRoque}, S.~J. and {Carlstrom}, J.~E. and 
	{Reese}, E.~D. and {Dawson}, K.~S.},
    title = "{Determination of the Cosmic Distance Scale from Sunyaev-Zel'dovich Effect and Chandra X-Ray Measurements of High-Redshift Galaxy Clusters}",
  journal = {\apj},
   eprint = {astro-ph/0512349},
 keywords = {Cosmology: Cosmic Microwave Background, Cosmology: Distance Scale, X-Rays: Galaxies: Clusters},
     year = 2006,
    month = aug,
   volume = 647,
    pages = {25-54},
      doi = {10.1086/505291},
   adsurl = {http://adsabs.harvard.edu/abs/2006ApJ...647...25B},
  adsnote = {Provided by the SAO/NASA Astrophysics Data System}
}

@ARTICLE{maughan2007,
   author = {{Maughan}, B.~J. and {Jones}, C. and {Jones}, L.~R. and {Van Speybroeck}, L.
	},
    title = "{Deep XMM-Newton and Chandra Observations of Cl J1226.9+3332: A Detailed X-Ray Mass Analysis of a z = 0.89 Galaxy Cluster}",
  journal = {\apj},
   eprint = {astro-ph/0609690},
 keywords = {Cosmology: Observations, Galaxies: Clusters: General, Galaxies: Clusters: Individual: Alphanumeric: Cl J1226.9+3332, Galaxies: High-Redshift, Galaxies: Intergalactic Medium, X-Rays: Galaxies},
     year = 2007,
    month = apr,
   volume = 659,
    pages = {1125-1137},
      doi = {10.1086/512669},
   adsurl = {http://adsabs.harvard.edu/abs/2007ApJ...659.1125M},
  adsnote = {Provided by the SAO/NASA Astrophysics Data System}
}

@ARTICLE{muchovej2007,
   author = {{Muchovej}, S. and {Mroczkowski}, T. and {Carlstrom}, J.~E. and 
	{Cartwright}, J. and {Greer}, C. and {Hennessy}, R. and {Loh}, M. and 
	{Pryke}, C. and {Reddall}, B. and {Runyan}, M. and {Sharp}, M. and 
	{Hawkins}, D. and {Lamb}, J.~W. and {Woody}, D. and {Joy}, M. and 
	{Leitch}, E.~M. and {Miller}, A.~D.},
    title = "{Observations of High-Redshift X-Ray Selected Clusters with the Sunyaev-Zel'dovich Array}",
  journal = {\apj},
   eprint = {astro-ph/0610115},
 keywords = {Cosmology: Cosmic Microwave Background, Cosmology: Observations, Galaxies: Clusters: Individual: Alphanumeric: Cl J1226.9+3332, galaxies: clusters: individual (Cl J1415.1+3612), galaxies: clusters: individual (Cl J1429.0+4241), galaxies: individual (NGC 5529), Techniques: Interferometric},
     year = 2007,
    month = jul,
   volume = 663,
    pages = {708-716},
      doi = {10.1086/511971},
   adsurl = {http://adsabs.harvard.edu/abs/2007ApJ...663..708M},
  adsnote = {Provided by the SAO/NASA Astrophysics Data System}
}

@ARTICLE{mroczkowski2009,
   author = {{Mroczkowski}, T. and {Bonamente}, M. and {Carlstrom}, J.~E. and 
	{Culverhouse}, T.~L. and {Greer}, C. and {Hawkins}, D. and {Hennessy}, R. and 
	{Joy}, M. and {Lamb}, J.~W. and {Leitch}, E.~M. and {Loh}, M. and 
	{Maughan}, B. and {Marrone}, D.~P. and {Miller}, A. and {Muchovej}, S. and 
	{Nagai}, D. and {Pryke}, C. and {Sharp}, M. and {Woody}, D.},
    title = "{Application of a Self-Similar Pressure Profile to Sunyaev-Zel'Dovich Effect Data from Galaxy Clusters}",
  journal = {\apj},
archivePrefix = "arXiv",
   eprint = {0809.5077},
 keywords = {cosmology: observations, galaxies: clusters: individual: Abell 1835 Abell 1914 CL J1226.9+3332, X-rays: galaxies: clusters},
     year = 2009,
    month = apr,
   volume = 694,
    pages = {1034-1044},
      doi = {10.1088/0004-637X/694/2/1034},
   adsurl = {http://adsabs.harvard.edu/abs/2009ApJ...694.1034M},
  adsnote = {Provided by the SAO/NASA Astrophysics Data System}
}

@ARTICLE{mroczkowski2011,
   author = {{Mroczkowski}, T.},
    title = "{A New Approach to Obtaining Cluster Mass from Sunyaev-Zel'dovich Effect Observations}",
  journal = {\apjl},
archivePrefix = "arXiv",
   eprint = {1101.2176},
 primaryClass = "astro-ph.CO",
 keywords = {cosmology: observations, dark matter, galaxies: clusters: general, galaxies: clusters: individual: A1835 A1914 CL J1226.9+3332},
     year = 2011,
    month = feb,
   volume = 728,
      eid = {L35},
    pages = {L35},
      doi = {10.1088/2041-8205/728/2/L35},
   adsurl = {http://adsabs.harvard.edu/abs/2011ApJ...728L..35M},
  adsnote = {Provided by the SAO/NASA Astrophysics Data System}
}

@ARTICLE{korngut2011,
   author = {{Korngut}, P.~M. and {Dicker}, S.~R. and {Reese}, E.~D. and 
	{Mason}, B.~S. and {Devlin}, M.~J. and {Mroczkowski}, T. and 
	{Sarazin}, C.~L. and {Sun}, M. and {Sievers}, J.},
    title = "{MUSTANG High Angular Resolution Sunyaev-Zel'dovich Effect Imaging of Substructure in Four Galaxy Clusters}",
  journal = {\apj},
archivePrefix = "arXiv",
   eprint = {1010.5494},
 primaryClass = "astro-ph.CO",
 keywords = {cosmic background radiation, galaxies: clusters: individual: RXJ1347{\ndash}1145 CL1226+3332 A1835 MACS0744.8+3927},
     year = 2011,
    month = jun,
   volume = 734,
      eid = {10},
    pages = {10},
      doi = {10.1088/0004-637X/734/1/10},
   adsurl = {http://adsabs.harvard.edu/abs/2011ApJ...734...10K},
  adsnote = {Provided by the SAO/NASA Astrophysics Data System}
}

%%%%%%%%%%%%%%%%%%%%%%%%%%%%%%%%%%%%%%%%%%%%%%%
%%%%%%%%%%% Profile
%%%%%%%%%%%%%%%%%%%%%%%%%%%%%%%%%%%%%%%%%%%%%%%

@ARTICLE{cavaliere1978,
   author = {{Cavaliere}, A. and {Fusco-Femiano}, R.},
    title = "{The Distribution of Hot Gas in Clusters of Galaxies}",
  journal = {\aap},
     year = 1978,
    month = nov,
   volume = 70,
    pages = {677},
   adsurl = {http://adsabs.harvard.edu/abs/1978A%26A....70..677C},
  adsnote = {Provided by the SAO/NASA Astrophysics Data System}
}

@ARTICLE{planck2013pressure_profile,
   author = {{Planck Collaboration} and {Ade}, P.~A.~R. and {Aghanim}, N. and 
	{Arnaud}, M. and {Ashdown}, M. and {Atrio-Barandela}, F. and 
	{Aumont}, J. and {Baccigalupi}, C. and {Balbi}, A. and {Banday}, A.~J. and et al.},
    title = "{Planck intermediate results. V. Pressure profiles of galaxy clusters from the Sunyaev-Zeldovich effect}",
  journal = {\aap},
archivePrefix = "arXiv",
   eprint = {1207.4061},
 primaryClass = "astro-ph.CO",
 keywords = {cosmology: observations, galaxies: clusters: general, galaxies: clusters: intracluster medium, submillimeter: general, X-rays: general},
     year = 2013,
    month = feb,
   volume = 550,
      eid = {A131},
    pages = {A131},
      doi = {10.1051/0004-6361/201220040},
   adsurl = {http://adsabs.harvard.edu/abs/2013A%26A...550A.131P},
  adsnote = {Provided by the SAO/NASA Astrophysics Data System}
}

%Planck y map
@ARTICLE{planck2015XXII,
   author = {{Planck Collaboration} and {Aghanim}, N. and {Arnaud}, M. and 
	{Ashdown}, M. and {Aumont}, J. and {Baccigalupi}, C. and {Banday}, A.~J. and 
	{Barreiro}, R.~B. and {Bartlett}, J.~G. and {Bartolo}, N. and et al.},
    title = "{Planck 2015 results. XXII. A map of the thermal Sunyaev-Zeldovich effect}",
  journal = {ArXiv e-prints},
archivePrefix = "arXiv",
   eprint = {1502.01596},
 keywords = {Astrophysics - Cosmology and Nongalactic Astrophysics},
     year = 2015,
    month = feb,
   adsurl = {http://adsabs.harvard.edu/abs/2015arXiv150201596P},
  adsnote = {Provided by the SAO/NASA Astrophysics Data System}
}

@ARTICLE{nagai2007,
   author = {{Nagai}, D. and {Vikhlinin}, A. and {Kravtsov}, A.~V.},
    title = "{Testing X-Ray Measurements of Galaxy Clusters with Cosmological Simulations}",
  journal = {\apj},
   eprint = {arXiv:astro-ph/0609247},
 keywords = {Cosmology: Theory, Galaxies: Formation, Methods: Numerical},
     year = 2007,
    month = jan,
   volume = 655,
    pages = {98-108},
      doi = {10.1086/509868},
   adsurl = {http://adsabs.harvard.edu/abs/2007ApJ...655...98N},
  adsnote = {Provided by the SAO/NASA Astrophysics Data System}
}

@ARTICLE{nagai2007b,
   author = {{Nagai}, D. and {Kravtsov}, A.~V. and {Vikhlinin}, A.},
    title = "{Effects of Galaxy Formation on Thermodynamics of the Intracluster Medium}",
  journal = {\apj},
   eprint = {astro-ph/0703661},
 keywords = {Cosmology: Theory, Galaxies: Clusters: General, Methods: Numerical},
     year = 2007,
    month = oct,
   volume = 668,
    pages = {1-14},
      doi = {10.1086/521328},
   adsurl = {http://adsabs.harvard.edu/abs/2007ApJ...668....1N},
  adsnote = {Provided by the SAO/NASA Astrophysics Data System}
}

@ARTICLE{arnaud2010,
   author = {{Arnaud}, M. and {Pratt}, G.~W. and {Piffaretti}, R. and {B{\"o}hringer}, H. and 
	{Croston}, J.~H. and {Pointecouteau}, E.},
    title = "{The universal galaxy cluster pressure profile from a representative sample of nearby systems (REXCESS) and the Y$_{SZ}$ - M$_{500}$ relation}",
  journal = {\aap},
archivePrefix = "arXiv",
   eprint = {0910.1234},
 primaryClass = "astro-ph.CO",
 keywords = {cosmology: observations, dark matter, galaxies: clusters: general, intergalactic, medium, X-rays: galaxies: clusters},
     year = 2010,
    month = jul,
   volume = 517,
      eid = {A92},
    pages = {A92},
      doi = {10.1051/0004-6361/200913416},
   adsurl = {http://adsabs.harvard.edu/abs/2010A%26A...517A..92A},
  adsnote = {Provided by the SAO/NASA Astrophysics Data System}
}

@ARTICLE{comis2011,
   author = {{Comis}, B. and {de Petris}, M. and {Conte}, A. and {Lamagna}, L. and 
	{de Gregori}, S.},
    title = "{X-ray calibration of Sunyaev-Zel'dovich scaling relations with the ACCEPT catalogue of galaxy clusters observed by Chandra}",
  journal = {\mnras},
archivePrefix = "arXiv",
   eprint = {1108.1029},
 primaryClass = "astro-ph.CO",
 keywords = {galaxies: clusters: intracluster medium, large-scale structure of Universe, X-rays: galaxies: clusters},
     year = 2011,
    month = dec,
   volume = 418,
    pages = {1089-1101},
      doi = {10.1111/j.1365-2966.2011.19562.x},
   adsurl = {http://adsabs.harvard.edu/abs/2011MNRAS.418.1089C},
  adsnote = {Provided by the SAO/NASA Astrophysics Data System}
}

@ARTICLE{cavagnolo2009,
   author = {{Cavagnolo}, K.~W. and {Donahue}, M. and {Voit}, G.~M. and {Sun}, M.
	},
    title = "{Intracluster Medium Entropy Profiles for a Chandra Archival Sample of Galaxy Clusters}",
  journal = {\apjs},
archivePrefix = "arXiv",
   eprint = {0902.1802},
 primaryClass = "astro-ph.CO",
 keywords = {astronomical data bases: miscellaneous, cooling flows, X-rays: galaxies: clusters, X-rays: general},
     year = 2009,
    month = may,
   volume = 182,
    pages = {12-32},
      doi = {10.1088/0067-0049/182/1/12},
   adsurl = {http://cdsads.u-strasbg.fr/abs/2009ApJS..182...12C},
  adsnote = {Provided by the SAO/NASA Astrophysics Data System}
}

@ARTICLE{vikhlinin2006,
   author = {{Vikhlinin}, A. and {Kravtsov}, A. and {Forman}, W. and {Jones}, C. and 
	{Markevitch}, M. and {Murray}, S.~S. and {Van Speybroeck}, L.
	},
    title = "{Chandra Sample of Nearby Relaxed Galaxy Clusters: Mass, Gas Fraction, and Mass-Temperature Relation}",
  journal = {\apj},
   eprint = {astro-ph/0507092},
 keywords = {Cosmology: Observations, Cosmology: Dark Matter, Galaxies: Clusters: General, X-Rays: Galaxies: Clusters},
     year = 2006,
    month = apr,
   volume = 640,
    pages = {691-709},
      doi = {10.1086/500288},
   adsurl = {http://adsabs.harvard.edu/abs/2006ApJ...640..691V},
  adsnote = {Provided by the SAO/NASA Astrophysics Data System}
}

@ARTICLE{pratt2010,
   author = {{Pratt}, G.~W. and {Arnaud}, M. and {Piffaretti}, R. and {B{\"o}hringer}, H. and 
	{Ponman}, T.~J. and {Croston}, J.~H. and {Voit}, G.~M. and {Borgani}, S. and 
	{Bower}, R.~G.},
    title = "{Gas entropy in a representative sample of nearby X-ray galaxy clusters (REXCESS): relationship to gas mass fraction}",
  journal = {\aap},
archivePrefix = "arXiv",
   eprint = {0909.3776},
 primaryClass = "astro-ph.CO",
 keywords = {X-rays: galaxies: clusters, galaxies: cluster: general, cosmology: observations},
     year = 2010,
    month = feb,
   volume = 511,
      eid = {A85},
    pages = {A85},
      doi = {10.1051/0004-6361/200913309},
   adsurl = {http://adsabs.harvard.edu/abs/2010A%26A...511A..85P},
  adsnote = {Provided by the SAO/NASA Astrophysics Data System}
}

@ARTICLE{macdonald2014,
   author = {{McDonald}, M. and {Benson}, B.~A. and {Vikhlinin}, A. and {Aird}, K.~A. and 
	{Allen}, S.~W. and {Bautz}, M. and {Bayliss}, M. and {Bleem}, L.~E. and 
	{Bocquet}, S. and {Brodwin}, M. and {Carlstrom}, J.~E. and {Chang}, C.~L. and 
	{Cho}, H.~M. and {Clocchiatti}, A. and {Crawford}, T.~M. and 
	{Crites}, A.~T. and {de Haan}, T. and {Dobbs}, M.~A. and {Foley}, R.~J. and 
	{Forman}, W.~R. and {George}, E.~M. and {Gladders}, M.~D. and 
	{Gonzalez}, A.~H. and {Halverson}, N.~W. and {Hlavacek-Larrondo}, J. and 
	{Holder}, G.~P. and {Holzapfel}, W.~L. and {Hrubes}, J.~D. and 
	{Jones}, C. and {Keisler}, R. and {Knox}, L. and {Lee}, A.~T. and 
	{Leitch}, E.~M. and {Liu}, J. and {Lueker}, M. and {Luong-Van}, D. and 
	{Mantz}, A. and {Marrone}, D.~P. and {McMahon}, J.~J. and {Meyer}, S.~S. and 
	{Miller}, E.~D. and {Mocanu}, L. and {Mohr}, J.~J. and {Murray}, S.~S. and 
	{Padin}, S. and {Pryke}, C. and {Reichardt}, C.~L. and {Rest}, A. and 
	{Ruhl}, J.~E. and {Saliwanchik}, B.~R. and {Saro}, A. and {Sayre}, J.~T. and 
	{Schaffer}, K.~K. and {Shirokoff}, E. and {Spieler}, H.~G. and 
	{Stalder}, B. and {Stanford}, S.~A. and {Staniszewski}, Z. and 
	{Stark}, A.~A. and {Story}, K.~T. and {Stubbs}, C.~W. and {Vanderlinde}, K. and 
	{Vieira}, J.~D. and {Williamson}, R. and {Zahn}, O. and {Zenteno}, A.
	},
    title = "{The Redshift Evolution of the Mean Temperature, Pressure, and Entropy Profiles in 80 SPT-Selected Galaxy Clusters}",
  journal = {ArXiv e-prints},
archivePrefix = "arXiv",
   eprint = {1404.6250},
 primaryClass = "astro-ph.HE",
 keywords = {Astrophysics - High Energy Astrophysical Phenomena, Astrophysics - Cosmology and Nongalactic Astrophysics},
     year = 2014,
    month = apr,
   adsurl = {http://adsabs.harvard.edu/abs/2014arXiv1404.6250M},
  adsnote = {Provided by the SAO/NASA Astrophysics Data System}
}

%%%%%%%%%%%%%%%%%%%%%%%%%%%%%%%%%%%%%%%%%%%%%%%
%%%%%%%%%%% MCMC
%%%%%%%%%%%%%%%%%%%%%%%%%%%%%%%%%%%%%%%%%%%%%%%

@article{chib1995,
  author = {Chib, Siddhartha and Greenberg, Edward},
  journal = {The American Statistician},
  keywords = {bayes kalmanfilter mcmc metropolishastings statistics uncertainty},
  month = Nov,
  number = 4,
  pages = {327-335},
  timestamp = {2008-08-19T15:04:38.000+0200},
  title = {Understanding the Metropolis-Hastings Algorithm},
  url = {http://www.jstor.org/stable/2684568},
  volume = 49,
  year = 1995
}

@Article{gelman1992,
 author = "A. Gelman and D. B. Rubin",
 title = "Inference from iterative simulation using multiple sequences",
 journal = "Statistical Science",
 volume = "7",
 pages = "457-511",
 year = "1992"
 }

%%%%%%%%%%%%%%%%%%%%%%%%%%%%%%%%%%%%%%%%%%%%%%%
%%%%%%%%%%% ICM
%%%%%%%%%%%%%%%%%%%%%%%%%%%%%%%%%%%%%%%%%%%%%%%

@ARTICLE{itoh1998,
   author = {{Itoh}, N. and {Kohyama}, Y. and {Nozawa}, S.},
    title = "{Relativistic Corrections to the Sunyaev-Zeldovich Effect for Clusters of Galaxies}",
  journal = {\apj},
   eprint = {arXiv:astro-ph/9712289},
 keywords = {COSMOLOGY: COSMIC MICROWAVE BACKGROUND, COSMOLOGY: THEORY, COSMOLOGY: DISTANCE SCALE, GALAXIES: CLUSTERS: GENERAL, RADIATION MECHANISMS: NONTHERMAL, RELATIVITY},
     year = 1998,
    month = jul,
   volume = 502,
    pages = {7},
      doi = {10.1086/305876},
   adsurl = {http://adsabs.harvard.edu/abs/1998ApJ...502....7I},
  adsnote = {Provided by the SAO/NASA Astrophysics Data System}
}