@ARTICLE{Adam2015,
   author = {{Adam}, R. and {Comis}, B. and {Mac{\'{\i}}as-P{\'e}rez}, J.-F. and 
	{Adane}, A. and {Ade}, P. and {Andr{\'e}}, P. and {Beelen}, A. and 
	{Belier}, B. and {Beno{\^i}t}, A. and {Bideaud}, A. and {Billot}, N. and 
	{Blanquer}, G. and {Bourrion}, O. and {Calvo}, M. and {Catalano}, A. and 
	{Coiffard}, G. and {Cruciani}, A. and {D'Addabbo}, A. and {D{\'e}sert}, F.-X. and 
	{Doyle}, S. and {Goupy}, J. and {Kramer}, C. and {Leclercq}, S. and 
	{Martino}, J. and {Mauskopf}, P. and {Mayet}, F. and {Monfardini}, A. and 
	{Pajot}, F. and {Pascale}, E. and {Perotto}, L. and {Pointecouteau}, E. and 
	{Ponthieu}, N. and {Rev{\'e}ret}, V. and {Ritacco}, A. and {Rodriguez}, L. and 
	{Savini}, G. and {Schuster}, K. and {Sievers}, A. and {Tucker}, C. and 
	{Zylka}, R.},
    title = "{Pressure distribution of the high-redshift cluster of galaxies CL J1226.9+3332 with NIKA}",
  journal = {\aap},
archivePrefix = "arXiv",
   eprint = {1410.2808},
 keywords = {techniques: high angular resolution, galaxies: clusters: individual: CL J1226.9+3332},
     year = 2015,
    month = apr,
   volume = 576,
      eid = {A12},
    pages = {A12},
      doi = {10.1051/0004-6361/201425140},
   adsurl = {http://adsabs.harvard.edu/abs/2015A%26A...576A..12A},
  adsnote = {Provided by the SAO/NASA Astrophysics Data System}
}

@ARTICLE{Adam2014,
   author = {{Adam}, R. and {Comis}, B. and {Mac{\'{\i}}as-P{\'e}rez}, J.~F. and 
	{Adane}, A. and {Ade}, P. and {Andr{\'e}}, P. and {Beelen}, A. and 
	{Belier}, B. and {Beno{\^i}t}, A. and {Bideaud}, A. and {Billot}, N. and 
	{Boudou}, N. and {Bourrion}, O. and {Calvo}, M. and {Catalano}, A. and 
	{Coiffard}, G. and {D'Addabbo}, A. and {D{\'e}sert}, F.-X. and 
	{Doyle}, S. and {Goupy}, J. and {Kramer}, C. and {Leclercq}, S. and 
	{Martino}, J. and {Mauskopf}, P. and {Mayet}, F. and {Monfardini}, A. and 
	{Pajot}, F. and {Pascale}, E. and {Perotto}, L. and {Pointecouteau}, E. and 
	{Ponthieu}, N. and {Rev{\'e}ret}, V. and {Rodriguez}, L. and 
	{Savini}, G. and {Schuster}, K. and {Sievers}, A. and {Tucker}, C. and 
	{Zylka}, R.},
    title = "{First observation of the thermal Sunyaev-Zel'dovich effect with kinetic inductance detectors}",
  journal = {\aap},
archivePrefix = "arXiv",
   eprint = {1310.6237},
 keywords = {instrumentation: detectors, techniques: high angular resolution, galaxies: clusters: individual: RX J1347.5-1145, galaxies: clusters: intracluster medium},
     year = 2014,
    month = sep,
   volume = 569,
      eid = {A66},
    pages = {A66},
      doi = {10.1051/0004-6361/201322902},
   adsurl = {http://adsabs.harvard.edu/abs/2014A%26A...569A..66A},
  adsnote = {Provided by the SAO/NASA Astrophysics Data System}
}


@ARTICLE{Hudson2010,
       author = {{Hudson}, D.~S. and {Mittal}, R. and {Reiprich}, T.~H. and {Nulsen}, P.~E.~J. and {Andernach}, H. and {Sarazin}, C.~L.},
        title = "{What is a cool-core cluster? a detailed analysis of the cores of the X-ray flux-limited HIFLUGCS cluster sample}",
      journal = {\aap},
     keywords = {intergalactic medium, galaxies: clusters: general, Astrophysics - Cosmology and Nongalactic Astrophysics},
         year = 2010,
        month = apr,
       volume = {513},
          eid = {A37},
        pages = {A37},
          doi = {10.1051/0004-6361/200912377},
archivePrefix = {arXiv},
       eprint = {0911.0409},
 primaryClass = {astro-ph.CO},
       adsurl = {https://ui.adsabs.harvard.edu/abs/2010A&A...513A..37H},
      adsnote = {Provided by the SAO/NASA Astrophysics Data System}
}
@ARTICLE{Zwicky1933,
       author = {{Zwicky}, F.},
        title = "{Die Rotverschiebung von extragalaktischen Nebeln}",
      journal = {Helvetica Physica Acta},
         year = 1933,
        month = jan,
       volume = {6},
        pages = {110-127},
       adsurl = {https://ui.adsabs.harvard.edu/abs/1933AcHPh...6..110Z},
      adsnote = {Provided by the SAO/NASA Astrophysics Data System}
}



@ARTICLE{PSZ2,
   author = {{Planck Collaboration} and {Ade}, P.~A.~R. and {Aghanim}, N. and 
	{Arnaud}, M. and {Ashdown}, M. and {Aumont}, J. and {Baccigalupi}, C. and 
	{Banday}, A.~J. and {Barreiro}, R.~B. and {Barrena}, R. and et al.},
    title = "{Planck 2015 results. XXVII. The Second Planck Catalogue of Sunyaev-Zeldovich Sources}",
  journal = {ArXiv e-prints},
archivePrefix = "arXiv",
   eprint = {1502.01598},
 keywords = {Astrophysics - Cosmology and Nongalactic Astrophysics},
     year = 2015,
    month = feb,
   adsurl = {http://adsabs.harvard.edu/abs/2015arXiv150201598P},
  adsnote = {Provided by the SAO/NASA Astrophysics Data System}
}

@ARTICLE{PSZ1,
   author = {{Planck Collaboration} and {Ade}, P.~A.~R. and {Aghanim}, N. and 
	{Armitage-Caplan}, C. and {Arnaud}, M. and {Ashdown}, M. and 
	{Atrio-Barandela}, F. and {Aumont}, J. and {Aussel}, H. and 
	{Baccigalupi}, C. and et al.},
    title = "{Planck 2013 results. XXIX. The Planck catalogue of Sunyaev-Zeldovich sources}",
  journal = {\aap},
archivePrefix = "arXiv",
   eprint = {1303.5089},
 keywords = {large-scale structure of Universe, galaxies: clusters: general, catalogs},
     year = 2014,
    month = nov,
   volume = 571,
      eid = {A29},
    pages = {A29},
      doi = {10.1051/0004-6361/201321523},
   adsurl = {http://adsabs.harvard.edu/abs/2014A%26A...571A..29P},
  adsnote = {Provided by the SAO/NASA Astrophysics Data System}
}

@ARTICLE{Bleem2014,
   author = {{Bleem}, L.~E. and {Stalder}, B. and {de Haan}, T. and {Aird}, K.~A. and 
	{Allen}, S.~W. and {Applegate}, D.~E. and {Ashby}, M.~L.~N. and 
	{Bautz}, M. and {Bayliss}, M. and {Benson}, B.~A. and {Bocquet}, S. and 
	{Brodwin}, M. and {Carlstrom}, J.~E. and {Chang}, C.~L. and 
	{Chiu}, I. and {Cho}, H.~M. and {Clocchiatti}, A. and {Crawford}, T.~M. and 
	{Crites}, A.~T. and {Desai}, S. and {Dietrich}, J.~P. and {Dobbs}, M.~A. and 
	{Foley}, R.~J. and {Forman}, W.~R. and {George}, E.~M. and {Gladders}, M.~D. and 
	{Gonzalez}, A.~H. and {Halverson}, N.~W. and {Hennig}, C. and 
	{Hoekstra}, H. and {Holder}, G.~P. and {Holzapfel}, W.~L. and 
	{Hrubes}, J.~D. and {Jones}, C. and {Keisler}, R. and {Knox}, L. and 
	{Lee}, A.~T. and {Leitch}, E.~M. and {Liu}, J. and {Lueker}, M. and 
	{Luong-Van}, D. and {Mantz}, A. and {Marrone}, D.~P. and {McDonald}, M. and 
	{McMahon}, J.~J. and {Meyer}, S.~S. and {Mocanu}, L. and {Mohr}, J.~J. and 
	{Murray}, S.~S. and {Padin}, S. and {Pryke}, C. and {Reichardt}, C.~L. and 
	{Rest}, A. and {Ruel}, J. and {Ruhl}, J.~E. and {Saliwanchik}, B.~R. and 
	{Saro}, A. and {Sayre}, J.~T. and {Schaffer}, K.~K. and {Schrabback}, T. and 
	{Shirokoff}, E. and {Song}, J. and {Spieler}, H.~G. and {Stanford}, S.~A. and 
	{Staniszewski}, Z. and {Stark}, A.~A. and {Story}, K.~T. and 
	{Stubbs}, C.~W. and {Vanderlinde}, K. and {Vieira}, J.~D. and 
	{Vikhlinin}, A. and {Williamson}, R. and {Zahn}, O. and {Zenteno}, A.
	},
    title = "{Galaxy Clusters Discovered via the Sunyaev-Zel'dovich Effect in the 2500-square-degree SPT-SZ survey}",
  journal = {ArXiv e-prints},
archivePrefix = "arXiv",
   eprint = {1409.0850},
 keywords = {Astrophysics - Cosmology and Nongalactic Astrophysics},
     year = 2014,
    month = sep,
   adsurl = {http://adsabs.harvard.edu/abs/2014arXiv1409.0850B},
  adsnote = {Provided by the SAO/NASA Astrophysics Data System}
}

@ARTICLE{Bleem2015,
       author = {{Bleem}, L.~E. and {Stalder}, B. and {de Haan}, T. and {Aird}, K.~A. and {Allen}, S.~W. and {Applegate}, D.~E. and {Ashby}, M.~L.~N. and {Bautz}, M. and {Bayliss}, M. and {Benson}, B.~A. and {Bocquet}, S. and {Brodwin}, M. and {Carlstrom}, J.~E. and {Chang}, C.~L. and {Chiu}, I. and {Cho}, H.~M. and {Clocchiatti}, A. and {Crawford}, T.~M. and {Crites}, A.~T. and {Desai}, S. and {Dietrich}, J.~P. and {Dobbs}, M.~A. and {Foley}, R.~J. and {Forman}, W.~R. and {George}, E.~M. and {Gladders}, M.~D. and {Gonzalez}, A.~H. and {Halverson}, N.~W. and {Hennig}, C. and {Hoekstra}, H. and {Holder}, G.~P. and {Holzapfel}, W.~L. and {Hrubes}, J.~D. and {Jones}, C. and {Keisler}, R. and {Knox}, L. and {Lee}, A.~T. and {Leitch}, E.~M. and {Liu}, J. and {Lueker}, M. and {Luong-Van}, D. and {Mantz}, A. and {Marrone}, D.~P. and {McDonald}, M. and {McMahon}, J.~J. and {Meyer}, S.~S. and {Mocanu}, L. and {Mohr}, J.~J. and {Murray}, S.~S. and {Padin}, S. and {Pryke}, C. and {Reichardt}, C.~L. and {Rest}, A. and {Ruel}, J. and {Ruhl}, J.~E. and {Saliwanchik}, B.~R. and {Saro}, A. and {Sayre}, J.~T. and {Schaffer}, K.~K. and {Schrabback}, T. and {Shirokoff}, E. and {Song}, J. and {Spieler}, H.~G. and {Stanford}, S.~A. and {Staniszewski}, Z. and {Stark}, A.~A. and {Story}, K.~T. and {Stubbs}, C.~W. and {Vanderlinde}, K. and {Vieira}, J.~D. and {Vikhlinin}, A. and {Williamson}, R. and {Zahn}, O. and {Zenteno}, A.},
        title = "{Galaxy Clusters Discovered via the Sunyaev-Zel'dovich Effect in the 2500-Square-Degree SPT-SZ Survey}",
      journal = {\apjs},
     keywords = {cosmology: observations, galaxies: clusters: individual, large-scale structure of universe, Astrophysics - Cosmology and Nongalactic Astrophysics},
         year = 2015,
        month = feb,
       volume = {216},
       number = {2},
          eid = {27},
        pages = {27},
          doi = {10.1088/0067-0049/216/2/27},
archivePrefix = {arXiv},
       eprint = {1409.0850},
 primaryClass = {astro-ph.CO},
       adsurl = {https://ui.adsabs.harvard.edu/abs/2015ApJS..216...27B},
      adsnote = {Provided by the SAO/NASA Astrophysics Data System}
}



@ARTICLE{Reichardt2013,
   author = {{Reichardt}, C.~L. and {Stalder}, B. and {Bleem}, L.~E. and 
	{Montroy}, T.~E. and {Aird}, K.~A. and {Andersson}, K. and {Armstrong}, R. and 
	{Ashby}, M.~L.~N. and {Bautz}, M. and {Bayliss}, M. and {Bazin}, G. and 
	{Benson}, B.~A. and {Brodwin}, M. and {Carlstrom}, J.~E. and 
	{Chang}, C.~L. and {Cho}, H.~M. and {Clocchiatti}, A. and {Crawford}, T.~M. and 
	{Crites}, A.~T. and {de Haan}, T. and {Desai}, S. and {Dobbs}, M.~A. and 
	{Dudley}, J.~P. and {Foley}, R.~J. and {Forman}, W.~R. and {George}, E.~M. and 
	{Gladders}, M.~D. and {Gonzalez}, A.~H. and {Halverson}, N.~W. and 
	{Harrington}, N.~L. and {High}, F.~W. and {Holder}, G.~P. and 
	{Holzapfel}, W.~L. and {Hoover}, S. and {Hrubes}, J.~D. and 
	{Jones}, C. and {Joy}, M. and {Keisler}, R. and {Knox}, L. and 
	{Lee}, A.~T. and {Leitch}, E.~M. and {Liu}, J. and {Lueker}, M. and 
	{Luong-Van}, D. and {Mantz}, A. and {Marrone}, D.~P. and {McDonald}, M. and 
	{McMahon}, J.~J. and {Mehl}, J. and {Meyer}, S.~S. and {Mocanu}, L. and 
	{Mohr}, J.~J. and {Murray}, S.~S. and {Natoli}, T. and {Padin}, S. and 
	{Plagge}, T. and {Pryke}, C. and {Rest}, A. and {Ruel}, J. and 
	{Ruhl}, J.~E. and {Saliwanchik}, B.~R. and {Saro}, A. and {Sayre}, J.~T. and 
	{Schaffer}, K.~K. and {Shaw}, L. and {Shirokoff}, E. and {Song}, J. and 
	{Spieler}, H.~G. and {Staniszewski}, Z. and {Stark}, A.~A. and 
	{Story}, K. and {Stubbs}, C.~W. and {{\v S}uhada}, R. and {van Engelen}, A. and 
	{Vanderlinde}, K. and {Vieira}, J.~D. and {Vikhlinin}, A. and 
	{Williamson}, R. and {Zahn}, O. and {Zenteno}, A.},
    title = "{Galaxy Clusters Discovered via the Sunyaev-Zel'dovich Effect in the First 720 Square Degrees of the South Pole Telescope Survey}",
  journal = {\apj},
archivePrefix = "arXiv",
   eprint = {1203.5775},
 primaryClass = "astro-ph.CO",
 keywords = {cosmic background radiation, cosmology: observations, galaxies: clusters: individual, large-scale structure of universe},
     year = 2013,
    month = feb,
   volume = 763,
      eid = {127},
    pages = {127},
      doi = {10.1088/0004-637X/763/2/127},
   adsurl = {http://adsabs.harvard.edu/abs/2013ApJ...763..127R},
  adsnote = {Provided by the SAO/NASA Astrophysics Data System}
}

@ARTICLE{Hasselfield2013,
   author = {{Hasselfield}, M. and {Hilton}, M. and {Marriage}, T.~A. and 
	{Addison}, G.~E. and {Barrientos}, L.~F. and {Battaglia}, N. and 
	{Battistelli}, E.~S. and {Bond}, J.~R. and {Crichton}, D. and 
	{Das}, S. and {Devlin}, M.~J. and {Dicker}, S.~R. and {Dunkley}, J. and 
	{D{\"u}nner}, R. and {Fowler}, J.~W. and {Gralla}, M.~B. and 
	{Hajian}, A. and {Halpern}, M. and {Hincks}, A.~D. and {Hlozek}, R. and 
	{Hughes}, J.~P. and {Infante}, L. and {Irwin}, K.~D. and {Kosowsky}, A. and 
	{Marsden}, D. and {Menanteau}, F. and {Moodley}, K. and {Niemack}, M.~D. and 
	{Nolta}, M.~R. and {Page}, L.~A. and {Partridge}, B. and {Reese}, E.~D. and 
	{Schmitt}, B.~L. and {Sehgal}, N. and {Sherwin}, B.~D. and {Sievers}, J. and 
	{Sif{\'o}n}, C. and {Spergel}, D.~N. and {Staggs}, S.~T. and 
	{Swetz}, D.~S. and {Switzer}, E.~R. and {Thornton}, R. and {Trac}, H. and 
	{Wollack}, E.~J.},
    title = "{The Atacama Cosmology Telescope: Sunyaev-Zel'dovich selected galaxy clusters at 148 GHz from three seasons of data}",
  journal = {\jcap},
archivePrefix = "arXiv",
   eprint = {1301.0816},
 primaryClass = "astro-ph.CO",
     year = 2013,
    month = jul,
   volume = 7,
      eid = {008},
    pages = {8},
      doi = {10.1088/1475-7516/2013/07/008},
   adsurl = {http://adsabs.harvard.edu/abs/2013JCAP...07..008H},
  adsnote = {Provided by the SAO/NASA Astrophysics Data System}
}

@INPROCEEDINGS{Hasselfield,
   author = {{Hasselfield}, M. and {ACT Collaboration}},
    title = "{New Results from the Atacama Cosmology Telescope: SZ Selected Galaxy Clusters on the Celestial Equator}",
booktitle = {American Astronomical Society Meeting Abstracts \#221},
     year = 2013,
   series = {American Astronomical Society Meeting Abstracts},
   volume = 221,
    month = jan,
    pages = {124.05},
   adsurl = {http://adsabs.harvard.edu/abs/2013AAS...22112405H},
  adsnote = {Provided by the SAO/NASA Astrophysics Data System}
}

@article{Hilton2021,
	doi = {10.3847/1538-4365/abd023},
	url = {https://doi.org/10.3847/1538-4365/abd023},
	year = 2021,
	month = {feb},
	publisher = {American Astronomical Society},
	volume = {253},
	number = {1},
	pages = {3},
	author = {M. Hilton and C. Sif{\'{o}}n and S. Naess and M. Madhavacheril and M. Oguri and E. Rozo and E. Rykoff and T. M. C. Abbott and S. Adhikari and M. Aguena and S. Aiola and S. Allam and S. Amodeo and A. Amon and J. Annis and B. Ansarinejad and C. Aros-Bunster and J. E. Austermann and S. Avila and D. Bacon and N. Battaglia and J. A. Beall and D. T. Becker and G. M. Bernstein and E. Bertin and T. Bhandarkar and S. Bhargava and J. R. Bond and D. Brooks and D. L. Burke and E. Calabrese and M. Carrasco Kind and J. Carretero and S. K. Choi and A. Choi and C. Conselice and L. N. da Costa and M. Costanzi and D. Crichton and K. T. Crowley and R. Dünner and E. V. Denison and M. J. Devlin and S. R. Dicker and H. T. Diehl and J. P. Dietrich and P. Doel and S. M. Duff and A. J. Duivenvoorden and J. Dunkley and S. Everett and S. Ferraro and I. Ferrero and A. Fert{\'{e}} and B. Flaugher and J. Frieman and P. A. Gallardo and J. Garc{\'{\i}}a-Bellido and E. Gaztanaga and D. W. Gerdes and P. Giles and J. E. Golec and M. B. Gralla and S. Grandis and D. Gruen and R. A. Gruendl and J. Gschwend and G. Gutierrez and D. Han and W. G. Hartley and M. Hasselfield and J. C. Hill and G. C. Hilton and A. D. Hincks and S. R. Hinton and S-P. P. Ho and K. Honscheid and B. Hoyle and J. Hubmayr and K. M. Huffenberger and J. P. Hughes and A. T. Jaelani and B. Jain and D. J. James and T. Jeltema and S. Kent and K. Knowles and B. J. Koopman and K. Kuehn and O. Lahav and M. Lima and Y-T. Lin and M. Lokken and S. I. Loubser and N. MacCrann and M. A. G. Maia and T. A. Marriage and J. Martin and J. McMahon and P. Melchior and F. Menanteau and R. Miquel and H. Miyatake and K. Moodley and R. Morgan and T. Mroczkowski and F. Nati and L. B. Newburgh and M. D. Niemack and A. J. Nishizawa and R. L. C. Ogando and J. Orlowski-Scherer and L. A. Page and A. Palmese and B. Partridge and F. Paz-Chinch{\'{o}}n and P. Phakathi and A. A. Plazas and N. C. Robertson and A. K. Romer and A. Carnero Rosell and M. Salatino and E. Sanchez and E. Schaan and A. Schillaci and N. Sehgal and S. Serrano and T. Shin and S. M. Simon and M. Smith and M. Soares-Santos and D. N. Spergel and S. T. Staggs and E. R. Storer and E. Suchyta and M. E. C. Swanson and G. Tarle and D. Thomas and C. To and H. Trac and J. N. Ullom and L. R. Vale and J. Van Lanen and E. M. Vavagiakis and J. De Vicente and R. D. Wilkinson and E. J. Wollack and Z. Xu and Y. Zhang},
	title = {The Atacama Cosmology Telescope: A Catalog of $\greater$4000 Sunyaev{\textendash}Zel'dovich Galaxy Clusters},
	journal = {The Astrophysical Journal Supplement Series},
}

@ARTICLE{Arnaud2010,
   author = {{Arnaud}, M. and {Pratt}, G.~W. and {Piffaretti}, R. and {B{\"o}hringer}, H. and 
	{Croston}, J.~H. and {Pointecouteau}, E.},
    title = "{The universal galaxy cluster pressure profile from a representative sample of nearby systems (REXCESS) and the Y$_{SZ}$ - M$_{500}$ relation}",
  journal = {\aap},
archivePrefix = "arXiv",
   eprint = {0910.1234},
 primaryClass = "astro-ph.CO",
 keywords = {cosmology: observations, dark matter, galaxies: clusters: general, intergalactic, medium, X-rays: galaxies: clusters},
     year = 2010,
    month = jul,
   volume = 517,
      eid = {A92},
    pages = {A92},
      doi = {10.1051/0004-6361/200913416},
   adsurl = {http://adsabs.harvard.edu/abs/2010A%26A...517A..92A},
  adsnote = {Provided by the SAO/NASA Astrophysics Data System}
}

@ARTICLE{REXCESS,
   author = {{B{\"o}hringer}, H. and {Schuecker}, P. and {Pratt}, G.~W. and 
	{Arnaud}, M. and {Ponman}, T.~J. and {Croston}, J.~H. and {Borgani}, S. and 
	{Bower}, R.~G. and {Briel}, U.~G. and {Collins}, C.~A. and {Donahue}, M. and 
	{Forman}, W.~R. and {Finoguenov}, A. and {Geller}, M.~J. and 
	{Guzzo}, L. and {Henry}, J.~P. and {Kneissl}, R. and {Mohr}, J.~J. and 
	{Matsushita}, K. and {Mullis}, C.~R. and {Ohashi}, T. and {Pedersen}, K. and 
	{Pierini}, D. and {Quintana}, H. and {Raychaudhury}, S. and 
	{Reiprich}, T.~H. and {Romer}, A.~K. and {Rosati}, P. and {Sabirli}, K. and 
	{Temple}, R.~F. and {Viana}, P.~T.~P. and {Vikhlinin}, A. and 
	{Voit}, G.~M. and {Zhang}, Y.-Y.},
    title = "{The representative XMM-Newton cluster structure survey (REXCESS) of an X-ray luminosity selected galaxy cluster sample}",
  journal = {\aap},
   eprint = {astro-ph/0703553},
 keywords = {X-rays: galaxies: clusters, galaxies: clusters: general, cosmology: observations},
     year = 2007,
    month = jul,
   volume = 469,
    pages = {363-377},
      doi = {10.1051/0004-6361:20066740},
   adsurl = {http://adsabs.harvard.edu/abs/2007A%26A...469..363B},
  adsnote = {Provided by the SAO/NASA Astrophysics Data System}
}

@ARTICLE{Perrott2014,
   author = {{Perrott}, Y.~C. and {Olamaie}, M. and {Rumsey}, C. and {Brown}, M.~L. and 
	{Feroz}, F. and {Grainge}, K.~J.~B. and {Hobson}, M.~P. and 
	{Lasenby}, A.~N. and {MacTavish}, C.~J. and {Pooley}, G.~G. and 
	{Saunders}, R.~D.~E. and {Schammel}, M.~P. and {Scott}, P.~F. and 
	{Shimwell}, T.~W. and {Titterington}, D.~J. and {Waldram}, E.~M. and 
	{Aghanim}, N. and {Arnaud}, M. and {Ashdown}, M. and {Aussel}, H. and 
	{Barrena}, R. and {Bikmaev}, I. and {B{\"o}hringer}, H. and 
	{Burenin}, R. and {Carvalho}, P. and {Chon}, G. and {Comis}, B. and 
	{Dahle}, H. and {Democles}, J. and {Douspis}, M. and {Harrison}, D. and 
	{Hempel}, A. and {Hurier}, G. and {Khamitov}, I. and {Kneissl}, R. and 
	{Mac{\'{\i}}as-P{\'e}rez}, J.~F. and {Melin}, J.-B. and {Pointecouteau}, E. and 
	{Pratt}, G.~W. and {Rubi{\~n}o-Mart$\backslash$in}, J.~A. and 
	{Stolyarov}, V. and {Sutton}, D.},
    title = "{Comparison of Sunyaev-Zel'dovich measurements from Planck and from the Arcminute Microkelvin Imager for 99 galaxy clusters}",
  journal = {ArXiv e-prints},
archivePrefix = "arXiv",
   eprint = {1405.5013},
 keywords = {Astrophysics - Cosmology and Nongalactic Astrophysics},
     year = 2014,
    month = may,
   adsurl = {http://adsabs.harvard.edu/abs/2014arXiv1405.5013P},
  adsnote = {Provided by the SAO/NASA Astrophysics Data System}
}

@ARTICLE{Planck_overview_2015,
   author = {{Planck Collaboration} and {Adam}, R. and {Ade}, P.~A.~R. and 
	{Aghanim}, N. and {Akrami}, Y. and {Alves}, M.~I.~R. and {Arnaud}, M. and 
	{Arroja}, F. and {Aumont}, J. and {Baccigalupi}, C. and et al.},
    title = "{Planck 2015 results. I. Overview of products and scientific results}",
  journal = {ArXiv e-prints},
archivePrefix = "arXiv",
   eprint = {1502.01582},
 keywords = {Astrophysics - Cosmology and Nongalactic Astrophysics},
     year = 2015,
    month = feb,
   adsurl = {http://adsabs.harvard.edu/abs/2015arXiv150201582P},
  adsnote = {Provided by the SAO/NASA Astrophysics Data System}
}

@ARTICLE{PPP,
   author = {{Planck Collaboration} and {Ade}, P.~A.~R. and {Aghanim}, N. and 
	{Arnaud}, M. and {Ashdown}, M. and {Atrio-Barandela}, F. and 
	{Aumont}, J. and {Baccigalupi}, C. and {Balbi}, A. and {Banday}, A.~J. and et al.},
    title = "{Planck intermediate results. V. Pressure profiles of galaxy clusters from the Sunyaev-Zeldovich effect}",
  journal = {\aap},
archivePrefix = "arXiv",
   eprint = {1207.4061},
 primaryClass = "astro-ph.CO",
 keywords = {cosmology: observations, galaxies: clusters: general, galaxies: clusters: intracluster medium, submillimeter: general, X-rays: general},
     year = 2013,
    month = feb,
   volume = 550,
      eid = {A131},
    pages = {A131},
      doi = {10.1051/0004-6361/201220040},
   adsurl = {http://adsabs.harvard.edu/abs/2013A%26A...550A.131P},
  adsnote = {Provided by the SAO/NASA Astrophysics Data System}
}

@ARTICLE{Plagge2010,
   author = {{Plagge}, T. and {Benson}, B.~A. and {Ade}, P.~A.~R. and {Aird}, K.~A. and 
	{Bleem}, L.~E. and {Carlstrom}, J.~E. and {Chang}, C.~L. and 
	{Cho}, H.-M. and {Crawford}, T.~M. and {Crites}, A.~T. and {de Haan}, T. and 
	{Dobbs}, M.~A. and {George}, E.~M. and {Hall}, N.~R. and {Halverson}, N.~W. and 
	{Holder}, G.~P. and {Holzapfel}, W.~L. and {Hrubes}, J.~D. and 
	{Joy}, M. and {Keisler}, R. and {Knox}, L. and {Lee}, A.~T. and 
	{Leitch}, E.~M. and {Lueker}, M. and {Marrone}, D. and {McMahon}, J.~J. and 
	{Mehl}, J. and {Meyer}, S.~S. and {Mohr}, J.~J. and {Montroy}, T.~E. and 
	{Padin}, S. and {Pryke}, C. and {Reichardt}, C.~L. and {Ruhl}, J.~E. and 
	{Schaffer}, K.~K. and {Shaw}, L. and {Shirokoff}, E. and {Spieler}, H.~G. and 
	{Stalder}, B. and {Staniszewski}, Z. and {Stark}, A.~A. and 
	{Vanderlinde}, K. and {Vieira}, J.~D. and {Williamson}, R. and 
	{Zahn}, O.},
    title = "{Sunyaev-Zel'dovich Cluster Profiles Measured with the South Pole Telescope}",
  journal = {\apj},
archivePrefix = "arXiv",
   eprint = {0911.2444},
 keywords = {cosmic background radiation, cosmology: observations, galaxies: clusters: general, galaxies: clusters: intracluster medium},
     year = 2010,
    month = jun,
   volume = 716,
    pages = {1118-1135},
      doi = {10.1088/0004-637X/716/2/1118},
   adsurl = {http://adsabs.harvard.edu/abs/2010ApJ...716.1118P},
  adsnote = {Provided by the SAO/NASA Astrophysics Data System}
}

@ARTICLE{Sayers2013,
   author = {{Sayers}, J. and {Czakon}, N.~G. and {Mantz}, A. and {Golwala}, S.~R. and 
	{Ameglio}, S. and {Downes}, T.~P. and {Koch}, P.~M. and {Lin}, K.-Y. and 
	{Maughan}, B.~J. and {Molnar}, S.~M. and {Moustakas}, L. and 
	{Mroczkowski}, T. and {Pierpaoli}, E. and {Shitanishi}, J.~A. and 
	{Siegel}, S. and {Umetsu}, K. and {Van der Pyl}, N.},
    title = "{Sunyaev-Zel'dovich-measured Pressure Profiles from the Bolocam X-Ray/SZ Galaxy Cluster Sample}",
  journal = {\apj},
archivePrefix = "arXiv",
   eprint = {1211.1632},
 primaryClass = "astro-ph.CO",
 keywords = {galaxies: clusters: general, galaxies: clusters: intracluster medium },
     year = 2013,
    month = may,
   volume = 768,
      eid = {177},
    pages = {177},
      doi = {10.1088/0004-637X/768/2/177},
   adsurl = {http://adsabs.harvard.edu/abs/2013ApJ...768..177S},
  adsnote = {Provided by the SAO/NASA Astrophysics Data System}
}

@ARTICLE{Czakon2014,
   author = {{Czakon}, N.~G. and {Sayers}, J. and {Mantz}, A. and {Golwala}, S.~R. and 
	{Downes}, T.~P. and {Koch}, P.~M. and {Lin}, K.-Y. and {Molnar}, S.~M. and 
	{Moustakas}, L.~A. and {Mroczkowski}, T. and {Pierpaoli}, E. and 
	{Shitanishi}, J.~A. and {Siegel}, S. and {Umetsu}, K.},
    title = "{Galaxy Cluster Scaling Relations between Bolocam Sunyaev-Zel'dovich Effect and Chandra X-ray Measurements}",
  journal = {ArXiv e-prints},
archivePrefix = "arXiv",
   eprint = {1406.2800},
 keywords = {Astrophysics - Cosmology and Nongalactic Astrophysics},
     year = 2014,
    month = jun,
   adsurl = {http://adsabs.harvard.edu/abs/2014arXiv1406.2800C},
  adsnote = {Provided by the SAO/NASA Astrophysics Data System}
}

@ARTICLE{Mustang2,
   author = {{Dicker}, S.~R. and {Ade}, P.~A.~R. and {Aguirre}, J. and {Brevik}, J.~A. and 
	{Cho}, H.~M. and {Datta}, R. and {Devlin}, M.~J. and {Dober}, B. and 
	{Egan}, D. and {Ford}, J. and {Ford}, P. and {Hilton}, G. and 
	{Irwin}, K.~D. and {Mason}, B.~S. and {Marganian}, P. and {Mello}, M. and 
	{McMahon}, J.~J. and {Mroczkowski}, T. and {Rosenman}, M. and 
	{Tucker}, C. and {Vale}, L. and {White}, S. and {Whitehead}, M. and 
	{Young}, A.~H.},
    title = "{MUSTANG 2: A Large Focal Plane Array for the 100 m Green Bank Telescope}",
  journal = {Journal of Low Temperature Physics},
 keywords = {TES bolometers, Focal plane arrays, 90 GHz, Green Bank Telescope, Frequency domain readout},
     year = 2014,
    month = sep,
   volume = 176,
    pages = {808-814},
      doi = {10.1007/s10909-013-1070-8},
   adsurl = {http://adsabs.harvard.edu/abs/2014JLTP..176..808D},
  adsnote = {Provided by the SAO/NASA Astrophysics Data System}
}

@ARTICLE{Cavagnolo2008,
   author = {{Cavagnolo}, K.~W. and {Donahue}, M. and {Voit}, G.~M. and {Sun}, M.
	},
    title = "{An Entropy Threshold for Strong H{$\alpha$} and Radio Emission in the Cores of Galaxy Clusters}",
  journal = {\apjl},
archivePrefix = "arXiv",
   eprint = {0806.0382},
 keywords = {Conduction, Galaxies: Cooling Flows, Galaxies: Active, Galaxies: Clusters: General, Galaxies: Evolution, X-Rays: Galaxies: Clusters},
     year = 2008,
    month = aug,
   volume = 683,
    pages = {L107-L110},
      doi = {10.1086/591665},
   adsurl = {http://adsabs.harvard.edu/abs/2008ApJ...683L.107C},
  adsnote = {Provided by the SAO/NASA Astrophysics Data System}
}

@ARTICLE{ymap,
   author = {{Planck Collaboration} and {Aghanim}, N. and {Arnaud}, M. and 
	{Ashdown}, M. and {Aumont}, J. and {Baccigalupi}, C. and {Banday}, A.~J. and 
	{Barreiro}, R.~B. and {Bartlett}, J.~G. and {Bartolo}, N. and et al.},
    title = "{Planck 2015 results. XXII. A map of the thermal Sunyaev-Zeldovich effect}",
  journal = {ArXiv e-prints},
archivePrefix = "arXiv",
   eprint = {1502.01596},
 keywords = {Astrophysics - Cosmology and Nongalactic Astrophysics},
     year = 2015,
    month = feb,
   adsurl = {http://adsabs.harvard.edu/abs/2015arXiv150201596P},
  adsnote = {Provided by the SAO/NASA Astrophysics Data System}
}

@ARTICLE{number_counts2015,
   author = {{Planck Collaboration} and {Ade}, P.~A.~R. and {Aghanim}, N. and 
	{Arnaud}, M. and {Ashdown}, M. and {Aumont}, J. and {Baccigalupi}, C. and 
	{Banday}, A.~J. and {Barreiro}, R.~B. and {Bartlett}, J.~G. and et al.},
    title = "{Planck 2015 results. XXIV. Cosmology from Sunyaev-Zeldovich cluster counts}",
  journal = {ArXiv e-prints},
archivePrefix = "arXiv",
   eprint = {1502.01597},
 keywords = {Astrophysics - Cosmology and Nongalactic Astrophysics},
     year = 2015,
    month = feb,
   adsurl = {http://adsabs.harvard.edu/abs/2015arXiv150201597P},
  adsnote = {Provided by the SAO/NASA Astrophysics Data System}
}

@ARTICLE{Korngut2011,
   author = {{Korngut}, P.~M. and {Dicker}, S.~R. and {Reese}, E.~D. and 
	{Mason}, B.~S. and {Devlin}, M.~J. and {Mroczkowski}, T. and 
	{Sarazin}, C.~L. and {Sun}, M. and {Sievers}, J.},
    title = "{MUSTANG High Angular Resolution Sunyaev-Zel'dovich Effect Imaging of Substructure in Four Galaxy Clusters}",
  journal = {\apj},
archivePrefix = "arXiv",
   eprint = {1010.5494},
 primaryClass = "astro-ph.CO",
 keywords = {cosmic background radiation, galaxies: clusters: individual: RXJ1347{\ndash}1145 CL1226+3332 A1835 MACS0744.8+3927},
     year = 2011,
    month = jun,
   volume = 734,
      eid = {10},
    pages = {10},
      doi = {10.1088/0004-637X/734/1/10},
   adsurl = {http://adsabs.harvard.edu/abs/2011ApJ...734...10K},
  adsnote = {Provided by the SAO/NASA Astrophysics Data System}
}

@ARTICLE{Mroczkowski2012,
   author = {{Mroczkowski}, T. and {Dicker}, S. and {Sayers}, J. and {Reese}, E.~D. and 
	{Mason}, B. and {Czakon}, N. and {Romero}, C. and {Young}, A. and 
	{Devlin}, M. and {Golwala}, S. and {Korngut}, P. and {Sarazin}, C. and 
	{Bock}, J. and {Koch}, P.~M. and {Lin}, K.-Y. and {Molnar}, S.~M. and 
	{Pierpaoli}, E. and {Umetsu}, K. and {Zemcov}, M.},
    title = "{A Multi-wavelength Study of the Sunyaev-Zel'dovich Effect in the Triple-merger Cluster MACS J0717.5+3745 with MUSTANG and Bolocam}",
  journal = {\apj},
archivePrefix = "arXiv",
   eprint = {1205.0052},
 primaryClass = "astro-ph.CO",
 keywords = {cosmic background radiation, cosmology: observations, X-rays: galaxies: clusters, X-rays: general},
     year = 2012,
    month = dec,
   volume = 761,
      eid = {47},
    pages = {47},
      doi = {10.1088/0004-637X/761/1/47},
   adsurl = {http://adsabs.harvard.edu/abs/2012ApJ...761...47M},
  adsnote = {Provided by the SAO/NASA Astrophysics Data System}
}

@ARTICLE{Reese2002,
       author = {{Reese}, Erik D. and {Carlstrom}, John E. and {Joy}, Marshall and {Mohr}, Joseph J. and {Grego}, Laura and {Holzapfel}, William L.},
        title = "{Determining the Cosmic Distance Scale from Interferometric Measurements of the Sunyaev-Zeldovich Effect}",
      journal = {\apj},
     keywords = {Cosmology: Cosmic Microwave Background, Cosmology: Observations, Cosmology: Distance Scale, Galaxies: Clusters: General, Techniques: Interferometric, Astrophysics},
         year = 2002,
        month = dec,
       volume = {581},
       number = {1},
        pages = {53-85},
          doi = {10.1086/344137},
archivePrefix = {arXiv},
       eprint = {astro-ph/0205350},
 primaryClass = {astro-ph},
       adsurl = {https://ui.adsabs.harvard.edu/abs/2002ApJ...581...53R},
      adsnote = {Provided by the SAO/NASA Astrophysics Data System}
}


@ARTICLE{Planck2013PressProf,
       author = {{Planck Collaboration} and {Ade}, P.~A.~R. and {Aghanim}, N. and {Arnaud}, M. and {Ashdown}, M. and {Atrio-Barandela}, F. and {Aumont}, J. and {Baccigalupi}, C. and {Balbi}, A. and {Banday}, A.~J. and {Barreiro}, R.~B. and {Bartlett}, J.~G. and {Battaner}, E. and {Benabed}, K. and {Beno{\^\i}t}, A. and {Bernard}, J. -P. and {Bersanelli}, M. and {Bhatia}, R. and {Bikmaev}, I. and {Bobin}, J. and {B{\"o}hringer}, H. and {Bonaldi}, A. and {Bond}, J.~R. and {Borgani}, S. and {Borrill}, J. and {Bouchet}, F.~R. and {Bourdin}, H. and {Brown}, M.~L. and {Burenin}, R. and {Burigana}, C. and {Cabella}, P. and {Cardoso}, J. -F. and {Carvalho}, P. and {Castex}, G. and {Catalano}, A. and {Cay{\'o}n}, L. and {Chamballu}, A. and {Chiang}, L. -Y. and {Chon}, G. and {Christensen}, P.~R. and {Churazov}, E. and {Clements}, D.~L. and {Colafrancesco}, S. and {Colombi}, S. and {Colombo}, L.~P.~L. and {Comis}, B. and {Coulais}, A. and {Crill}, B.~P. and {Cuttaia}, F. and {Da Silva}, A. and {Dahle}, H. and {Danese}, L. and {Davis}, R.~J. and {de Bernardis}, P. and {de Gasperis}, G. and {de Zotti}, G. and {Delabrouille}, J. and {D{\'e}mocl{\`e}s}, J. and {D{\'e}sert}, F. -X. and {Diego}, J.~M. and {Dolag}, K. and {Dole}, H. and {Donzelli}, S. and {Dor{\'e}}, O. and {D{\"o}rl}, U. and {Douspis}, M. and {Dupac}, X. and {Efstathiou}, G. and {En{\ss}lin}, T.~A. and {Eriksen}, H.~K. and {Finelli}, F. and {Flores-Cacho}, I. and {Forni}, O. and {Fosalba}, P. and {Frailis}, M. and {Franceschi}, E. and {Frommert}, M. and {Galeotta}, S. and {Ganga}, K. and {G{\'e}nova-Santos}, R.~T. and {Giard}, M. and {Giraud-H{\'e}raud}, Y. and {Gonz{\'a}lez-Nuevo}, J. and {G{\'o}rski}, K.~M. and {Gregorio}, A. and {Gruppuso}, A. and {Hansen}, F.~K. and {Harrison}, D. and {Hempel}, A. and {Henrot-Versill{\'e}}, S. and {Hern{\'a}ndez-Monteagudo}, C. and {Herranz}, D. and {Hildebrandt}, S.~R. and {Hivon}, E. and {Hobson}, M. and {Holmes}, W.~A. and {Hurier}, G. and {Jaffe}, T.~R. and {Jaffe}, A.~H. and {Jagemann}, T. and {Jones}, W.~C. and {Juvela}, M. and {Keih{\"a}nen}, E. and {Khamitov}, I. and {Kisner}, T.~S. and {Kneissl}, R. and {Knoche}, J. and {Knox}, L. and {Kunz}, M. and {Kurki-Suonio}, H. and {Lagache}, G. and {L{\"a}hteenm{\"a}ki}, A. and {Lamarre}, J. -M. and {Lasenby}, A. and {Lawrence}, C.~R. and {Le Jeune}, M. and {Leonardi}, R. and {Liddle}, A. and {Lilje}, P.~B. and {L{\'o}pez-Caniego}, M. and {Luzzi}, G. and {Mac{\'\i}as-P{\'e}rez}, J.~F. and {Maino}, D. and {Mandolesi}, N. and {Maris}, M. and {Marleau}, F. and {Marshall}, D.~J. and {Mart{\'\i}nez-Gonz{\'a}lez}, E. and {Masi}, S. and {Massardi}, M. and {Matarrese}, S. and {Mazzotta}, P. and {Mei}, S. and {Melchiorri}, A. and {Melin}, J. -B. and {Mendes}, L. and {Mennella}, A. and {Mitra}, S. and {Miville-Desch{\^e}nes}, M. -A. and {Moneti}, A. and {Montier}, L. and {Morgante}, G. and {Mortlock}, D. and {Munshi}, D. and {Murphy}, J.~A. and {Naselsky}, P. and {Nati}, F. and {Natoli}, P. and {N{\o}rgaard-Nielsen}, H.~U. and {Noviello}, F. and {Novikov}, D. and {Novikov}, I. and {Osborne}, S. and {Pajot}, F. and {Paoletti}, D. and {Pasian}, F. and {Patanchon}, G. and {Perdereau}, O. and {Perotto}, L. and {Perrotta}, F. and {Piacentini}, F. and {Piat}, M. and {Pierpaoli}, E. and {Piffaretti}, R. and {Plaszczynski}, S. and {Pointecouteau}, E. and {Polenta}, G. and {Ponthieu}, N. and {Popa}, L. and {Poutanen}, T. and {Pratt}, G.~W. and {Prunet}, S. and {Puget}, J. -L. and {Rachen}, J.~P. and {Reach}, W.~T. and {Rebolo}, R. and {Reinecke}, M. and {Remazeilles}, M. and {Renault}, C. and {Ricciardi}, S. and {Riller}, T. and {Ristorcelli}, I. and {Rocha}, G. and {Roman}, M. and {Rosset}, C. and {Rossetti}, M. and {Rubi{\~n}o-Mart{\'\i}n}, J.~A. and {Rusholme}, B. and {Sandri}, M. and {Savini}, G. and {Scott}, D. and {Smoot}, G.~F. and {Starck}, J. -L. and {Sudiwala}, R. and {Sunyaev}, R. and {Sutton}, D. and {Suur-Uski}, A. -S. and {Sygnet}, J. -F. and {Tauber}, J.~A. and {Terenzi}, L. and {Toffolatti}, L. and {Tomasi}, M. and {Tristram}, M. and {Tuovinen}, J. and {Valenziano}, L. and {Van Tent}, B. and {Varis}, J. and {Vielva}, P. and {Villa}, F. and {Vittorio}, N. and {Wade}, L.~A. and {Wandelt}, B.~D. and {Welikala}, N. and {White}, S.~D.~M. and {White}, M. and {Yvon}, D. and {Zacchei}, A. and {Zonca}, A.},
        title = "{Planck intermediate results. V. Pressure profiles of galaxy clusters from the Sunyaev-Zeldovich effect}",
      journal = {\aap},
     keywords = {cosmology: observations, galaxies: clusters: general, galaxies: clusters: intracluster medium, submillimeter: general, X-rays: general, Astrophysics - Cosmology and Nongalactic Astrophysics},
         year = 2013,
        month = feb,
       volume = {550},
          eid = {A131},
        pages = {A131},
          doi = {10.1051/0004-6361/201220040},
archivePrefix = {arXiv},
       eprint = {1207.4061},
 primaryClass = {astro-ph.CO},
       adsurl = {https://ui.adsabs.harvard.edu/abs/2013A&A...550A.131P},
      adsnote = {Provided by the SAO/NASA Astrophysics Data System}
}



@ARTICLE{Young2014,
   author = {{Young}, A.~H. and {Mroczkowski}, T. and {Romero}, C. and {Sayers}, J. and 
	{Balestra}, I. and {Clarke}, T.~E. and {Czakon}, N. and {Devlin}, M. and 
	{Dicker}, S.~R. and {Ferrari}, C. and {Girardi}, M. and {Golwala}, S. and 
	{Intema}, H. and {Korngut}, P.~M. and {Mason}, B.~S. and {Mercurio}, A. and 
	{Nonino}, M. and {Reese}, E.~D. and {Rosati}, P. and {Sarazin}, C. and 
	{Umetsu}, K.},
    title = "{Measurements of the Sunyaev-Zel'dovich Effect in MACS J0647.7+7015 and MACS J1206.2-0847 at High Angular Resolution with MUSTANG}",
  journal = {ArXiv e-prints},
archivePrefix = "arXiv",
   eprint = {1411.0317},
 keywords = {Astrophysics - Cosmology and Nongalactic Astrophysics},
     year = 2014,
    month = nov,
   adsurl = {http://adsabs.harvard.edu/abs/2014arXiv1411.0317Y},
  adsnote = {Provided by the SAO/NASA Astrophysics Data System}
}

@ARTICLE{SZ1972,
       author = {{Sunyaev}, R.~A. and {Zeldovich}, Ya. B.},
        title = "{The Observations of Relic Radiation as a Test of the Nature of X-Ray Radiation from the Clusters of Galaxies}",
      journal = {Comments on Astrophysics and Space Physics},
     keywords = {Cosmology, Microwave Background Radiation, Clusters of Galaxies, X-Ray Astronomy, Intergalactic Gas},
         year = 1972,
        month = nov,
       volume = {4},
        pages = {173},
       adsurl = {https://ui.adsabs.harvard.edu/abs/1972CoASP...4..173S},
      adsnote = {Provided by the SAO/NASA Astrophysics Data System}
      }
@ARTICLE{Sayers2011,
   author = {{Sayers}, J. and {Golwala}, S.~R. and {Ameglio}, S. and {Pierpaoli}, E.
	},
    title = "{Cluster Morphologies and Model-independent Y $_{SZ}$ Estimates from Bolocam Sunyaev-Zel'dovich Images}",
  journal = {\apj},
archivePrefix = "arXiv",
   eprint = {1010.1798},
 primaryClass = "astro-ph.CO",
 keywords = {cosmology: observations, galaxies: clusters: individual: A697 A1835 MS 0015.9+1609 MS 0451.6{\ndash}0305 MS 1054.4, methods: data analysis},
     year = 2011,
    month = feb,
   volume = 728,
      eid = {39},
    pages = {39},
      doi = {10.1088/0004-637X/728/1/39},
   adsurl = {http://adsabs.harvard.edu/abs/2011ApJ...728...39S},
  adsnote = {Provided by the SAO/NASA Astrophysics Data System}
}

@ARTICLE{Perrott2015,
       author = {{Perrott}, Y.~C. and {Olamaie}, M. and {Rumsey}, C. and {Brown}, M.~L. and {Feroz}, F. and {Grainge}, K.~J.~B. and {Hobson}, M.~P. and {Lasenby}, A.~N. and {MacTavish}, C.~J. and {Pooley}, G.~G. and {Saunders}, R.~D.~E. and {Schammel}, M.~P. and {Scott}, P.~F. and {Shimwell}, T.~W. and {Titterington}, D.~J. and {Waldram}, E.~M. and {Aghanim}, N. and {Arnaud}, M. and {Ashdown}, M. and {Aussel}, H. and {Barrena}, R. and {Bikmaev}, I. and {B{\"o}hringer}, H. and {Burenin}, R. and {Carvalho}, P. and {Chon}, G. and {Comis}, B. and {Dahle}, H. and {Democles}, J. and {Douspis}, M. and {Harrison}, D. and {Hempel}, A. and {Hurier}, G. and {Khamitov}, I. and {Kneissl}, R. and {Mac{\'\i}as-P{\'e}rez}, J.~F. and {Melin}, J. -B. and {Pointecouteau}, E. and {Pratt}, G.~W. and {Rubi{\~n}o-Mart{\'\i}n}, J.~A. and {Stolyarov}, V. and {Sutton}, D.},
        title = "{Comparison of Sunyaev-Zel'dovich measurements from Planck and from the Arcminute Microkelvin Imager for 99 galaxy clusters}",
      journal = {\aap},
     keywords = {cosmology: observations, galaxies: clusters: general, galaxies: clusters: intracluster medium, cosmic background radiation, X-rays: galaxies: clusters, Astrophysics - Cosmology and Nongalactic Astrophysics},
         year = 2015,
        month = aug,
       volume = {580},
          eid = {A95},
        pages = {A95},
          doi = {10.1051/0004-6361/201424188},
archivePrefix = {arXiv},
       eprint = {1405.5013},
 primaryClass = {astro-ph.CO},
       adsurl = {https://ui.adsabs.harvard.edu/abs/2015A&A...580A..95P},
      adsnote = {Provided by the SAO/NASA Astrophysics Data System}
}


@ARTICLE{Aghanim2014,
   author = {{Aghanim}, N. and {Hurier}, G. and {Diego}, J.-M. and {Douspis}, M. and 
	{Macias-Perez}, J. and {Pointecouteau}, E. and {Comis}, B. and 
	{Arnaud}, M. and {Montier}, L.},
    title = "{The Good, the Bad and the Ugly: Statistical quality assessment of SZ detections}",
  journal = {ArXiv e-prints},
archivePrefix = "arXiv",
   eprint = {1409.6543},
 keywords = {Astrophysics - Cosmology and Nongalactic Astrophysics, Astrophysics - Instrumentation and Methods for Astrophysics},
     year = 2014,
    month = sep,
   adsurl = {http://adsabs.harvard.edu/abs/2014arXiv1409.6543A},
  adsnote = {Provided by the SAO/NASA Astrophysics Data System}
}

