%Review formation of clusters
@ARTICLE{Kravtsov2012,
   author = {{Kravtsov}, A.~V. and {Borgani}, S.},
    title = "{Formation of Galaxy Clusters}",
  journal = {\araa},
archivePrefix = "arXiv",
   eprint = {1205.5556},
     year = 2012,
    month = sep,
   volume = 50,
    pages = {353-409},
      doi = {10.1146/annurev-astro-081811-125502},
   adsurl = {http://adsabs.harvard.edu/abs/2012ARA%26A..50..353K},
  adsnote = {Provided by the SAO/NASA Astrophysics Data System}
}

%Bullet cluster
@ARTICLE{Clowe2006,
   author = {{Clowe}, D. and {Brada{\v c}}, M. and {Gonzalez}, A.~H. and 
	{Markevitch}, M. and {Randall}, S.~W. and {Jones}, C. and {Zaritsky}, D.
	},
    title = "{A Direct Empirical Proof of the Existence of Dark Matter}",
  journal = {\apjl},
   eprint = {astro-ph/0608407},
 keywords = {Cosmology: Dark Matter, galaxies: clusters: individual (1E 0657-558), Cosmology: Gravitational Lensing},
     year = 2006,
    month = sep,
   volume = 648,
    pages = {L109-L113},
      doi = {10.1086/508162},
   adsurl = {http://adsabs.harvard.edu/abs/2006ApJ...648L.109C},
  adsnote = {Provided by the SAO/NASA Astrophysics Data System}
}

%Merging cluster1
@ARTICLE{Ferrari2005,
   author = {{Ferrari}, C. and {Benoist}, C. and {Maurogordato}, S. and {Cappi}, A. and 
	{Slezak}, E.},
    title = "{Dynamical state and star formation properties of the merging galaxy cluster Abell 3921}",
  journal = {\aap},
   eprint = {astro-ph/0409072},
 keywords = {galaxies: clusters: general, galaxies: clusters: individual: Abell 3921, galaxies: distances and redshifts, cosmology: observations},
     year = 2005,
    month = jan,
   volume = 430,
    pages = {19-38},
      doi = {10.1051/0004-6361:20041811},
   adsurl = {http://adsabs.harvard.edu/abs/2005A%26A...430...19F},
  adsnote = {Provided by the SAO/NASA Astrophysics Data System}
}

%Review Voit
@ARTICLE{Voit2005,
   author = {{Voit}, G.~M.},
    title = "{Tracing cosmic evolution with clusters of galaxies}",
  journal = {Reviews of Modern Physics},
   eprint = {astro-ph/0410173},
 keywords = {Origin and formation of the Universe, Galaxy clusters, Superclusters, large-scale structure of the Universe, Particle-theory and field-theory models of the early Universe, Observational cosmology, Dark matter, Star formation, Relativity and gravitation, Elementary particle processes, Supernovae, Active and peculiar galaxies and related systems, Galactic nuclei circumnuclear matter and bulges, Surveys and tutorial papers, resource letters, Background radiations},
     year = 2005,
    month = apr,
   volume = 77,
    pages = {207-258},
      doi = {10.1103/RevModPhys.77.207},
   adsurl = {http://adsabs.harvard.edu/abs/2005RvMP...77..207V},
  adsnote = {Provided by the SAO/NASA Astrophysics Data System}
}

%Merger study
@ARTICLE{Maurogordato2011,
   author = {{Maurogordato}, S. and {Sauvageot}, J.~L. and {Bourdin}, H. and 
	{Cappi}, A. and {Benoist}, C. and {Ferrari}, C. and {Mars}, G. and 
	{Houairi}, K.},
    title = "{Merging history of three bimodal clusters}",
  journal = {\aap},
archivePrefix = "arXiv",
   eprint = {1009.1967},
 keywords = {X-rays: galaxies: clusters, galaxies: clusters: intracluster medium, galaxies: clusters: individual: Abell 2384, galaxies: clusters: individual:, Abell 2440, galaxies: clusters: individual: Abell 2933},
     year = 2011,
    month = jan,
   volume = 525,
      eid = {A79},
    pages = {A79},
      doi = {10.1051/0004-6361/201014415},
   adsurl = {http://adsabs.harvard.edu/abs/2011A%26A...525A..79M},
  adsnote = {Provided by the SAO/NASA Astrophysics Data System}
}

%Cluster cosmology review
@ARTICLE{Allen2011,
   author = {{Allen}, S.~W. and {Evrard}, A.~E. and {Mantz}, A.~B.},
    title = "{Cosmological Parameters from Observations of Galaxy Clusters}",
  journal = {\araa},
archivePrefix = "arXiv",
   eprint = {1103.4829},
 primaryClass = "astro-ph.CO",
     year = 2011,
    month = sep,
   volume = 49,
    pages = {409-470},
      doi = {10.1146/annurev-astro-081710-102514},
   adsurl = {http://adsabs.harvard.edu/abs/2011ARA%26A..49..409A},
  adsnote = {Provided by the SAO/NASA Astrophysics Data System}
}

%Cluster velocity and cosmology
@ARTICLE{Bhattacharya2007,
   author = {{Bhattacharya}, S. and {Kosowsky}, A.},
    title = "{Cosmological Constraints from Galaxy Cluster Velocity Statistics}",
  journal = {\apjl},
   eprint = {astro-ph/0612555},
 keywords = {Cosmology: Cosmological Parameters, Cosmology: Theory, Galaxies: Clusters: General, Galaxies: Statistics},
     year = 2007,
    month = apr,
   volume = 659,
    pages = {L83-L86},
      doi = {10.1086/517523},
   adsurl = {http://adsabs.harvard.edu/abs/2007ApJ...659L..83B},
  adsnote = {Provided by the SAO/NASA Astrophysics Data System}
}

%Velocity field in simulation
@ARTICLE{Hahn2015,
   author = {{Hahn}, O. and {Angulo}, R.~E. and {Abel}, T.},
    title = "{The properties of cosmic velocity fields}",
  journal = {\mnras},
archivePrefix = "arXiv",
   eprint = {1404.2280},
 keywords = {methods: numerical, galaxies: formation, cosmology: theory, dark matter, large-scale structure of Universe},
     year = 2015,
    month = dec,
   volume = 454,
    pages = {3920-3937},
      doi = {10.1093/mnras/stv2179},
   adsurl = {http://adsabs.harvard.edu/abs/2015MNRAS.454.3920H},
  adsnote = {Provided by the SAO/NASA Astrophysics Data System}
}

%Dark energy and cluster velocity
@ARTICLE{Bhattacharya2008,
   author = {{Bhattacharya}, S. and {Kosowsky}, A.},
    title = "{Dark energy constraints from galaxy cluster peculiar velocities}",
  journal = {\prd},
archivePrefix = "arXiv",
   eprint = {0712.0034},
 keywords = {Dark energy, Galaxy clusters, Cosmology},
     year = 2008,
    month = apr,
   volume = 77,
   number = 8,
      eid = {083004},
    pages = {083004},
      doi = {10.1103/PhysRevD.77.083004},
   adsurl = {http://adsabs.harvard.edu/abs/2008PhRvD..77h3004B},
  adsnote = {Provided by the SAO/NASA Astrophysics Data System}
}

%DE from KSZ
@ARTICLE{Ma2014,
   author = {{Ma}, Y.-Z. and {Zhao}, G.-B.},
    title = "{Dark energy imprints on the kinematic Sunyaev-Zel'dovich signal}",
  journal = {Physics Letters B},
archivePrefix = "arXiv",
   eprint = {1309.1163},
     year = 2014,
    month = jul,
   volume = 735,
    pages = {402-411},
      doi = {10.1016/j.physletb.2014.06.066},
   adsurl = {http://adsabs.harvard.edu/abs/2014PhLB..735..402M},
  adsnote = {Provided by the SAO/NASA Astrophysics Data System}
}

%DE from kSZ
@ARTICLE{Monteagudo2006,
   author = {{Hern{\'a}ndez-Monteagudo}, C. and {Verde}, L. and {Jimenez}, R. and 
	{Spergel}, D.~N.},
    title = "{Correlation Properties of the Kinematic Sunyaev-Zel'dovich Effect and Implications for Dark Energy}",
  journal = {\apj},
   eprint = {astro-ph/0511061},
 keywords = {Cosmology: Cosmic Microwave Background, Cosmology: Large-Scale Structure of Universe},
     year = 2006,
    month = jun,
   volume = 643,
    pages = {598-615},
      doi = {10.1086/503190},
   adsurl = {http://adsabs.harvard.edu/abs/2006ApJ...643..598H},
  adsnote = {Provided by the SAO/NASA Astrophysics Data System}
}

%Gravity constraint from GC
@ARTICLE{Kosowsky2009,
   author = {{Kosowsky}, A. and {Bhattacharya}, S.},
    title = "{A future test of gravitation using galaxy cluster velocities}",
  journal = {\prd},
archivePrefix = "arXiv",
   eprint = {0907.4202},
 primaryClass = "astro-ph.CO",
 keywords = {Experimental tests of gravitational theories, Modified theories of gravity, Galaxy clusters, Cosmology, Experimental tests of gravitational theories, Modified theories of gravity, Galaxy clusters, Cosmology},
     year = 2009,
    month = sep,
   volume = 80,
   number = 6,
      eid = {062003},
    pages = {062003},
      doi = {10.1103/PhysRevD.80.062003},
   adsurl = {http://adsabs.harvard.edu/abs/2009PhRvD..80f2003K},
  adsnote = {Provided by the SAO/NASA Astrophysics Data System}
}

%Tully Fisher relation
@ARTICLE{Tully1977,
   author = {{Tully}, R.~B. and {Fisher}, J.~R.},
    title = "{A new method of determining distances to galaxies}",
  journal = {\aap},
 keywords = {Distance Measuring Equipment, H Lines, Luminous Intensity, Spectral Line Width, Spiral Galaxies, Telescopes, Astronomical Photometry, Calibrating, Galactic Clusters, Galactic Structure, Hubble Diagram, Synoptic Measurement},
     year = 1977,
    month = feb,
   volume = 54,
    pages = {661-673},
   adsurl = {http://adsabs.harvard.edu/abs/1977A%26A....54..661T},
  adsnote = {Provided by the SAO/NASA Astrophysics Data System}
}


% SZ review
@ARTICLE{Birkinshaw1999,
   author = {{Birkinshaw}, M.},
    title = "{The Sunyaev-Zel'dovich effect}",
  journal = {\physrep},
   eprint = {arXiv:astro-ph/9808050},
     year = 1999,
    month = mar,
   volume = 310,
    pages = {97-195},
      doi = {10.1016/S0370-1573(98)00080-5},
   adsurl = {http://adsabs.harvard.edu/abs/1999PhR...310...97B},
  adsnote = {Provided by the SAO/NASA Astrophysics Data System}
}

% SZ review
@ARTICLE{Carlstrom2002,
   author = {{Carlstrom}, J.~E. and {Holder}, G.~P. and {Reese}, E.~D.},
    title = "{Cosmology with the Sunyaev-Zel'dovich Effect}",
  journal = {\araa},
   eprint = {arXiv:astro-ph/0208192},
 keywords = {galaxy clusters, cosmic microwave background, structure formation, surveys},
     year = 2002,
   volume = 40,
    pages = {643-680},
      doi = {10.1146/annurev.astro.40.060401.093803},
   adsurl = {http://adsabs.harvard.edu/abs/2002ARA%26A..40..643C},
  adsnote = {Provided by the SAO/NASA Astrophysics Data System}
}

% SZ review
@ARTICLE{Kitayama2014,
   author = {{Kitayama}, T.},
    title = "{Cosmological and astrophysical implications of the Sunyaev-Zel'dovich effect}",
  journal = {Progress of Theoretical and Experimental Physics},
archivePrefix = "arXiv",
   eprint = {1404.0870},
 keywords = {E50, E63, E64, E65, F12},
     year = 2014,
    month = jun,
   volume = 2014,
   number = 6,
      eid = {06B111},
    pages = {060000},
      doi = {10.1093/ptep/ptu055},
   adsurl = {http://adsabs.harvard.edu/abs/2014PTEP.2014fB111K},
  adsnote = {Provided by the SAO/NASA Astrophysics Data System}
}

%tSZ paper
@ARTICLE{Sunyaev1972,
   author = {{Sunyaev}, R.~A. and {Zeldovich}, Y.~B.},
    title = "{The Observations of Relic Radiation as a Test of the Nature of X-Ray Radiation from the Clusters of Galaxies}",
  journal = {Comments on Astrophysics and Space Physics},
 keywords = {Cosmology, Microwave Background Radiation, Clusters of Galaxies, X-Ray Astronomy, Intergalactic Gas},
     year = 1972,
    month = nov,
   volume = 4,
    pages = {173},
   adsurl = {http://adsabs.harvard.edu/abs/1972CoASP...4..173S},
  adsnote = {Provided by the SAO/NASA Astrophysics Data System}
}

%kSZ paper
@ARTICLE{Sunyaev1980,
   author = {{Sunyaev}, R.~A. and {Zeldovich}, I.~B.},
    title = "{The velocity of clusters of galaxies relative to the microwave background - The possibility of its measurement}",
  journal = {\mnras},
 keywords = {Background Radiation, Galactic Clusters, Microwave Emission, Polarized Radiation, Velocity Measurement, Background Noise, Cosmic Gases, Cosmology},
     year = 1980,
    month = feb,
   volume = 190,
    pages = {413-420},
      doi = {10.1093/mnras/190.3.413},
   adsurl = {http://adsabs.harvard.edu/abs/1980MNRAS.190..413S},
  adsnote = {Provided by the SAO/NASA Astrophysics Data System}
}

%Planck SZ count
@ARTICLE{Planck2015XXIV,
   author = {{Planck Collaboration} and {Ade}, P.~A.~R. and {Aghanim}, N. and 
	{Arnaud}, M. and {Ashdown}, M. and {Aumont}, J. and {Baccigalupi}, C. and 
	{Banday}, A.~J. and {Barreiro}, R.~B. and {Bartlett}, J.~G. and et al.},
    title = "{Planck 2015 results. XXIV. Cosmology from Sunyaev-Zeldovich cluster counts}",
  journal = {ArXiv e-prints},
archivePrefix = "arXiv",
   eprint = {1502.01597},
 keywords = {Astrophysics - Cosmology and Nongalactic Astrophysics},
     year = 2015,
    month = feb,
   adsurl = {http://adsabs.harvard.edu/abs/2015arXiv150201597P},
  adsnote = {Provided by the SAO/NASA Astrophysics Data System}
}

%SPT catalog
@ARTICLE{Bleem2015,
   author = {{Bleem}, L.~E. and {Stalder}, B. and {de Haan}, T. and {Aird}, K.~A. and 
	{Allen}, S.~W. and {Applegate}, D.~E. and {Ashby}, M.~L.~N. and 
	{Bautz}, M. and {Bayliss}, M. and {Benson}, B.~A. and {Bocquet}, S. and 
	{Brodwin}, M. and {Carlstrom}, J.~E. and {Chang}, C.~L. and 
	{Chiu}, I. and {Cho}, H.~M. and {Clocchiatti}, A. and {Crawford}, T.~M. and 
	{Crites}, A.~T. and {Desai}, S. and {Dietrich}, J.~P. and {Dobbs}, M.~A. and 
	{Foley}, R.~J. and {Forman}, W.~R. and {George}, E.~M. and {Gladders}, M.~D. and 
	{Gonzalez}, A.~H. and {Halverson}, N.~W. and {Hennig}, C. and 
	{Hoekstra}, H. and {Holder}, G.~P. and {Holzapfel}, W.~L. and 
	{Hrubes}, J.~D. and {Jones}, C. and {Keisler}, R. and {Knox}, L. and 
	{Lee}, A.~T. and {Leitch}, E.~M. and {Liu}, J. and {Lueker}, M. and 
	{Luong-Van}, D. and {Mantz}, A. and {Marrone}, D.~P. and {McDonald}, M. and 
	{McMahon}, J.~J. and {Meyer}, S.~S. and {Mocanu}, L. and {Mohr}, J.~J. and 
	{Murray}, S.~S. and {Padin}, S. and {Pryke}, C. and {Reichardt}, C.~L. and 
	{Rest}, A. and {Ruel}, J. and {Ruhl}, J.~E. and {Saliwanchik}, B.~R. and 
	{Saro}, A. and {Sayre}, J.~T. and {Schaffer}, K.~K. and {Schrabback}, T. and 
	{Shirokoff}, E. and {Song}, J. and {Spieler}, H.~G. and {Stanford}, S.~A. and 
	{Staniszewski}, Z. and {Stark}, A.~A. and {Story}, K.~T. and 
	{Stubbs}, C.~W. and {Vanderlinde}, K. and {Vieira}, J.~D. and 
	{Vikhlinin}, A. and {Williamson}, R. and {Zahn}, O. and {Zenteno}, A.
	},
    title = "{Galaxy Clusters Discovered via the Sunyaev-Zel'dovich Effect in the 2500-Square-Degree SPT-SZ Survey}",
  journal = {\apjs},
archivePrefix = "arXiv",
   eprint = {1409.0850},
 keywords = {cosmology: observations, galaxies: clusters: individual, large-scale structure of universe},
     year = 2015,
    month = feb,
   volume = 216,
      eid = {27},
    pages = {27},
      doi = {10.1088/0067-0049/216/2/27},
   adsurl = {http://adsabs.harvard.edu/abs/2015ApJS..216...27B},
  adsnote = {Provided by the SAO/NASA Astrophysics Data System}
}

%ACT clusters
@ARTICLE{Hasselfield2013,
   author = {{Hasselfield}, M. and {Hilton}, M. and {Marriage}, T.~A. and 
	{Addison}, G.~E. and {Barrientos}, L.~F. and {Battaglia}, N. and 
	{Battistelli}, E.~S. and {Bond}, J.~R. and {Crichton}, D. and 
	{Das}, S. and {Devlin}, M.~J. and {Dicker}, S.~R. and {Dunkley}, J. and 
	{D{\"u}nner}, R. and {Fowler}, J.~W. and {Gralla}, M.~B. and 
	{Hajian}, A. and {Halpern}, M. and {Hincks}, A.~D. and {Hlozek}, R. and 
	{Hughes}, J.~P. and {Infante}, L. and {Irwin}, K.~D. and {Kosowsky}, A. and 
	{Marsden}, D. and {Menanteau}, F. and {Moodley}, K. and {Niemack}, M.~D. and 
	{Nolta}, M.~R. and {Page}, L.~A. and {Partridge}, B. and {Reese}, E.~D. and 
	{Schmitt}, B.~L. and {Sehgal}, N. and {Sherwin}, B.~D. and {Sievers}, J. and 
	{Sif{\'o}n}, C. and {Spergel}, D.~N. and {Staggs}, S.~T. and 
	{Swetz}, D.~S. and {Switzer}, E.~R. and {Thornton}, R. and {Trac}, H. and 
	{Wollack}, E.~J.},
    title = "{The Atacama Cosmology Telescope: Sunyaev-Zel'dovich selected galaxy clusters at 148 GHz from three seasons of data}",
  journal = {\jcap},
archivePrefix = "arXiv",
   eprint = {1301.0816},
 primaryClass = "astro-ph.CO",
     year = 2013,
    month = jul,
   volume = 7,
      eid = {008},
    pages = {008},
      doi = {10.1088/1475-7516/2013/07/008},
   adsurl = {http://adsabs.harvard.edu/abs/2013JCAP...07..008H},
  adsnote = {Provided by the SAO/NASA Astrophysics Data System}
}

%Difficulty of detecting kSZ
@ARTICLE{Haehnelt1996,
   author = {{Haehnelt}, M.~G. and {Tegmark}, M.},
    title = "{Using the Kinematic Sunyaev-Zeldovich effect to determine the peculiar velocities of clusters of galaxies}",
  journal = {\mnras},
   eprint = {astro-ph/9507077},
 keywords = {GALAXIES: CLUSTERS: GENERAL, COSMIC MICROWAVE BACKGROUND, COSMOLOGY: THEORY},
     year = 1996,
    month = mar,
   volume = 279,
    pages = {545},
      doi = {10.1093/mnras/279.2.545},
   adsurl = {http://adsabs.harvard.edu/abs/1996MNRAS.279..545H},
  adsnote = {Provided by the SAO/NASA Astrophysics Data System}
}

%WMAP claimed kSZ detection
@ARTICLE{Kashlinsky2008,
   author = {{Kashlinsky}, A. and {Atrio-Barandela}, F. and {Kocevski}, D. and 
	{Ebeling}, H.},
    title = "{A Measurement of Large-Scale Peculiar Velocities of Clusters of Galaxies: Results and Cosmological Implications}",
  journal = {\apjl},
archivePrefix = "arXiv",
   eprint = {0809.3734},
 keywords = {Cosmology: Cosmic Microwave Background, Cosmology: Observations, Cosmology: Early Universe, Cosmology: Large-Scale Structure of Universe},
     year = 2008,
    month = oct,
   volume = 686,
    pages = {L49-L52},
      doi = {10.1086/592947},
   adsurl = {http://adsabs.harvard.edu/abs/2008ApJ...686L..49K},
  adsnote = {Provided by the SAO/NASA Astrophysics Data System}
}

%Claim for kSZ in Planck
@ARTICLE{Atrio2013,
   author = {{Atrio-Barandela}, F.},
    title = "{On the statistical significance of the bulk flow measured by the Planck satellite}",
  journal = {\aap},
archivePrefix = "arXiv",
   eprint = {1303.6614},
 keywords = {cosmology: observations, cosmic background radiation, large-scale structure of Universe, galaxies: clusters: general},
     year = 2013,
    month = sep,
   volume = 557,
      eid = {A116},
    pages = {A116},
      doi = {10.1051/0004-6361/201321579},
   adsurl = {http://adsabs.harvard.edu/abs/2013A%26A...557A.116A},
  adsnote = {Provided by the SAO/NASA Astrophysics Data System}
}

%First kSZ detection
@ARTICLE{Hand2012,
   author = {{Hand}, N. and {Addison}, G.~E. and {Aubourg}, E. and {Battaglia}, N. and 
	{Battistelli}, E.~S. and {Bizyaev}, D. and {Bond}, J.~R. and 
	{Brewington}, H. and {Brinkmann}, J. and {Brown}, B.~R. and 
	{Das}, S. and {Dawson}, K.~S. and {Devlin}, M.~J. and {Dunkley}, J. and 
	{Dunner}, R. and {Eisenstein}, D.~J. and {Fowler}, J.~W. and 
	{Gralla}, M.~B. and {Hajian}, A. and {Halpern}, M. and {Hilton}, M. and 
	{Hincks}, A.~D. and {Hlozek}, R. and {Hughes}, J.~P. and {Infante}, L. and 
	{Irwin}, K.~D. and {Kosowsky}, A. and {Lin}, Y.-T. and {Malanushenko}, E. and 
	{Malanushenko}, V. and {Marriage}, T.~A. and {Marsden}, D. and 
	{Menanteau}, F. and {Moodley}, K. and {Niemack}, M.~D. and {Nolta}, M.~R. and 
	{Oravetz}, D. and {Page}, L.~A. and {Palanque-Delabrouille}, N. and 
	{Pan}, K. and {Reese}, E.~D. and {Schlegel}, D.~J. and {Schneider}, D.~P. and 
	{Sehgal}, N. and {Shelden}, A. and {Sievers}, J. and {Sif{\'o}n}, C. and 
	{Simmons}, A. and {Snedden}, S. and {Spergel}, D.~N. and {Staggs}, S.~T. and 
	{Swetz}, D.~S. and {Switzer}, E.~R. and {Trac}, H. and {Weaver}, B.~A. and 
	{Wollack}, E.~J. and {Yeche}, C. and {Zunckel}, C.},
    title = "{Evidence of Galaxy Cluster Motions with the Kinematic Sunyaev-Zel'dovich Effect}",
  journal = {Physical Review Letters},
archivePrefix = "arXiv",
   eprint = {1203.4219},
 keywords = {Observational cosmology, Distances redshifts radial velocities, spatial distribution of galaxies, Galaxy clusters, Background radiations},
     year = 2012,
    month = jul,
   volume = 109,
   number = 4,
      eid = {041101},
    pages = {041101},
      doi = {10.1103/PhysRevLett.109.041101},
   adsurl = {http://adsabs.harvard.edu/abs/2012PhRvL.109d1101H},
  adsnote = {Provided by the SAO/NASA Astrophysics Data System}
}

%kSZ SPT/DES
@ARTICLE{Soergel2016,
   author = {{Soergel}, B. and {Flender}, S. and {Story}, K.~T. and {Bleem}, L. and 
	{Giannantonio}, T. and {Efstathiou}, G. and {Rykoff}, E. and 
	{Benson}, B.~A. and {Crawford}, T. and {Dodelson}, S. and {Habib}, S. and 
	{Heitmann}, K. and {Holder}, G. and {Jain}, B. and {Rozo}, E. and 
	{Saro}, A. and {Weller}, J. and {Abdalla}, F.~B. and {Allam}, S. and 
	{Annis}, J. and {Armstrong}, R. and {Benoit-L{\'e}vy}, A. and 
	{Bernstein}, G.~M. and {Carlstrom}, J.~E. and {Carnero Rosell}, A. and 
	{Carrasco Kind}, M. and {Castander}, F.~J. and {Chiu}, I. and 
	{Chown}, R. and {Crocce}, M. and {Cunha}, C.~E. and {D'Andrea}, C.~B. and 
	{da Costa}, L.~N. and {de Haan}, T. and {Desai}, S. and {Diehl}, H.~T. and 
	{Dietrich}, J.~P. and {Doel}, P. and {Estrada}, J. and {Evrard}, A.~E. and 
	{Flaugher}, B. and {Fosalba}, P. and {Frieman}, J. and {Gaztanaga}, E. and 
	{Gruen}, D. and {Gruendl}, R.~A. and {Holzapfel}, W.~L. and 
	{Honscheid}, K. and {James}, D.~J. and {Keisler}, R. and {Kuehn}, K. and 
	{Kuropatkin}, N. and {Lahav}, O. and {Lima}, M. and {Marshall}, J.~L. and 
	{McDonald}, M. and {Melchior}, P. and {Miller}, C.~J. and {Miquel}, R. and 
	{Nord}, B. and {Ogando}, R. and {Omori}, Y. and {Plazas}, A.~A. and 
	{Rapetti}, D. and {Reichardt}, C.~L. and {Romer}, A.~K. and 
	{Roodman}, A. and {Saliwanchik}, B.~R. and {Sanchez}, E. and 
	{Schubnell}, M. and {Sevilla-Noarbe}, I. and {Sheldon}, E. and 
	{Smith}, R.~C. and {Soares-Santos}, M. and {Sobreira}, F. and 
	{Stark}, A. and {Suchyta}, E. and {Swanson}, M.~E.~C. and {Tarle}, G. and 
	{Thomas}, D. and {Vieira}, J.~D. and {Walker}, A.~R. and {Whitehorn}, N.
	},
    title = "{Detection of the kinematic Sunyaev-Zel'dovich effect with DES Year 1 and SPT}",
  journal = {ArXiv e-prints},
archivePrefix = "arXiv",
   eprint = {1603.03904},
 keywords = {Astrophysics - Cosmology and Nongalactic Astrophysics},
     year = 2016,
    month = mar,
   adsurl = {http://adsabs.harvard.edu/abs/2016arXiv160303904S},
  adsnote = {Provided by the SAO/NASA Astrophysics Data System}
}

%kSZ constraint1
@ARTICLE{Holzapfel1997,
   author = {{Holzapfel}, W.~L. and {Ade}, P.~A.~R. and {Church}, S.~E. and 
	{Mauskopf}, P.~D. and {Rephaeli}, Y. and {Wilbanks}, T.~M. and 
	{Lange}, A.~E.},
    title = "{Limits on the Peculiar Velocities of Two Distant Clusters Using the Kinematic Sunyaev-Zeldovich Effect}",
  journal = {\apj},
   eprint = {astro-ph/9702223},
 keywords = {Cosmology: Cosmic Microwave Background, Cosmology: Observations, Galaxies: Clusters: Individual: Name: Abell 2163, Galaxies: Clusters: Individual: Name: Abell 1689, Cosmology: Large-Scale Structure of Universe, Radio Continuum: Galaxies, X-Rays: Galaxies},
     year = 1997,
    month = may,
   volume = 481,
    pages = {35-48},
   adsurl = {http://adsabs.harvard.edu/abs/1997ApJ...481...35H},
  adsnote = {Provided by the SAO/NASA Astrophysics Data System}
}

%kSZ constraint2
@ARTICLE{Benson2003,
   author = {{Benson}, B.~A. and {Church}, S.~E. and {Ade}, P.~A.~R. and 
	{Bock}, J.~J. and {Ganga}, K.~M. and {Hinderks}, J.~R. and {Mauskopf}, P.~D. and 
	{Philhour}, B. and {Runyan}, M.~C. and {Thompson}, K.~L.},
    title = "{Peculiar Velocity Limits from Measurements of the Spectrum of the Sunyaev-Zeldovich Effect in Six Clusters of Galaxies}",
  journal = {\apj},
   eprint = {astro-ph/0303510},
 keywords = {Cosmology: Cosmic Microwave Background, Cosmology: Observations- Galaxies: Clusters: General, Cosmology: Large-Scale Structure of Universe},
     year = 2003,
    month = aug,
   volume = 592,
    pages = {674-691},
      doi = {10.1086/375864},
   adsurl = {http://adsabs.harvard.edu/abs/2003ApJ...592..674B},
  adsnote = {Provided by the SAO/NASA Astrophysics Data System}
}

%RXJ1347 constraint
@ARTICLE{Sayers2015,
   author = {{Sayers}, J. and {Zemcov}, M. and {Glenn}, J. and {Golwala}, S.~R. and 
	{Maloney}, P.~R. and {Siegel}, S.~R. and {Wheeler}, J. and {Bockstiegel}, C. and 
	{Brugger}, S. and {Czakon}, N.~G. and {Day}, P.~K. and {Downes}, T.~P. and 
	{Duan}, R.~P. and {Gao}, J. and {Hollister}, M.~I. and {Lam}, A. and 
	{LeDuc}, H.~G. and {Mazin}, B.~A. and {McHugh}, S.~G. and {Miller}, D.~A. and 
	{Mroczkowski}, T.~K. and {Noroozian}, O. and {Nguyen}, H.~T. and 
	{Radford}, S.~J.~E. and {Schlaerth}, J.~A. and {Vayonakis}, A. and 
	{Wilson}, P.~R. and {Zmuidzinas}, J.},
    title = "{Peculiar Velocity Constraints from Five-band SZ Effect Measurements toward RX J1347.5-1145 with MUSIC and Bolocam from the CSO}",
  journal = {\apj},
archivePrefix = "arXiv",
   eprint = {1509.02950},
 keywords = {galaxies: clusters: individual:: RX J1347.5{\minus}1145, galaxies: clusters: intracluster medium},
     year = 2016,
    month = apr,
   volume = 820,
      eid = {101},
    pages = {101},
      doi = {10.3847/0004-637X/820/2/101},
   adsurl = {http://adsabs.harvard.edu/abs/2016ApJ...820..101S},
  adsnote = {Provided by the SAO/NASA Astrophysics Data System}
}

%Planck sample/MCXC kSZ sample
@ARTICLE{Planck2014XIII,
   author = {{Planck Collaboration} and {Ade}, P.~A.~R. and {Aghanim}, N. and 
	{Arnaud}, M. and {Ashdown}, M. and {Aumont}, J. and {Baccigalupi}, C. and 
	{Balbi}, A. and {Banday}, A.~J. and {Barreiro}, R.~B. and {Battaner}, E. and 
	{Benabed}, K. and {Benoit-L{\'e}vy}, A. and {Bernard}, J.-P. and 
	{Bersanelli}, M. and {Bielewicz}, P. and {Bikmaev}, I. and {Bobin}, J. and 
	{Bock}, J.~J. and {Bonaldi}, A. and {Bond}, J.~R. and {Borrill}, J. and 
	{Bouchet}, F.~R. and {Burigana}, C. and {Butler}, R.~C. and 
	{Cabella}, P. and {Cardoso}, J.-F. and {Catalano}, A. and {Chamballu}, A. and 
	{Chiang}, L.-Y. and {Chon}, G. and {Christensen}, P.~R. and 
	{Clements}, D.~L. and {Colombi}, S. and {Colombo}, L.~P.~L. and 
	{Crill}, B.~P. and {Cuttaia}, F. and {Da Silva}, A. and {Dahle}, H. and 
	{Davies}, R.~D. and {Davis}, R.~J. and {de Bernardis}, P. and 
	{de Gasperis}, G. and {de Zotti}, G. and {Delabrouille}, J. and 
	{D{\'e}mocl{\`e}s}, J. and {Diego}, J.~M. and {Dolag}, K. and 
	{Dole}, H. and {Donzelli}, S. and {Dor{\'e}}, O. and {D{\"o}rl}, U. and 
	{Douspis}, M. and {Dupac}, X. and {En{\ss}lin}, T.~A. and {Finelli}, F. and 
	{Flores-Cacho}, I. and {Forni}, O. and {Frailis}, M. and {Frommert}, M. and 
	{Galeotta}, S. and {Ganga}, K. and {G{\'e}nova-Santos}, R.~T. and 
	{Giard}, M. and {Giardino}, G. and {Gonz{\'a}alez-Nuevo}, J. and 
	{Gregorio}, A. and {Gruppuso}, A. and {Hansen}, F.~K. and {Harrison}, D. and 
	{Hern{\'a}ndez-Monteagudo}, C. and {Herranz}, D. and {Hildebrandt}, S.~R. and 
	{Hivon}, E. and {Holmes}, W.~A. and {Hovest}, W. and {Huffenberger}, K.~M. and 
	{Hurier}, G. and {Jaffe}, T.~R. and {Jaffe}, A.~H. and {Jasche}, J. and 
	{Jones}, W.~C. and {Juvela}, M. and {Keih{\'a}nen}, E. and {Keskitalo}, R. and 
	{Khamitov}, I. and {Kisner}, T.~S. and {Knoche}, J. and {Kunz}, M. and 
	{Kurki-Suonio}, H. and {Lagache}, G. and {L{\"a}hteenm{\"a}ki}, A. and 
	{Lamarre}, J.-M. and {Lasenby}, A. and {Lawrence}, C.~R. and 
	{Le Jeune}, M. and {Leonardi}, R. and {Lilje}, P.~B. and {Linden-V{\o}rnle}, M. and 
	{L{\'o}pez-Caniego}, M. and {Mac{\'{\i}}as-P{\'e}rez}, J.~F. and 
	{Maino}, D. and {Mak}, D.~S.~Y. and {Mandolesi}, N. and {Maris}, M. and 
	{Marleau}, F. and {Mart{\'{\i}}nez-Gonz{\'a}lez}, E. and {Masi}, S. and 
	{Matarrese}, S. and {Mazzotta}, P. and {Melchiorri}, A. and 
	{Melin}, J.-B. and {Mendes}, L. and {Mennella}, A. and {Migliaccio}, M. and 
	{Mitra}, S. and {Miville-Desch{\^e}nes}, M.-A. and {Moneti}, A. and 
	{Montier}, L. and {Morgante}, G. and {Mortlock}, D. and {Moss}, A. and 
	{Munshi}, D. and {Murphy}, J.~A. and {Naselsky}, P. and {Nati}, F. and 
	{Natoli}, P. and {Netterfield}, C.~B. and {N{\o}rgaard-Nielsen}, H.~U. and 
	{Noviello}, F. and {Novikov}, D. and {Novikov}, I. and {Osborne}, S. and 
	{Pagano}, L. and {Paoletti}, D. and {Perdereau}, O. and {Perrotta}, F. and 
	{Piacentini}, F. and {Piat}, M. and {Pierpaoli}, E. and {Pietrobon}, D. and 
	{Plaszczynski}, S. and {Pointecouteau}, E. and {Polenta}, G. and 
	{Popa}, L. and {Poutanen}, T. and {Pratt}, G.~W. and {Prunet}, S. and 
	{Puget}, J.-L. and {Puisieux}, S. and {Rachen}, J.~P. and {Rebolo}, R. and 
	{Reinecke}, M. and {Remazeilles}, M. and {Renault}, C. and {Ricciardi}, S. and 
	{Roman}, M. and {Rubi{\~n}o-Mart{\'{\i}}n}, J.~A. and {Rusholme}, B. and 
	{Sandri}, M. and {Savini}, G. and {Scott}, D. and {Spencer}, L. and 
	{Sunyaev}, R. and {Sutton}, D. and {Suur-Uski}, A.-S. and {Sygnet}, J.-F. and 
	{Tauber}, J.~A. and {Terenzi}, L. and {Toffolatti}, L. and {Tomasi}, M. and 
	{Tristram}, M. and {Tucci}, M. and {Valenziano}, L. and {Valiviita}, J. and 
	{Van Tent}, B. and {Vielva}, P. and {Villa}, F. and {Vittorio}, N. and 
	{Wade}, L.~A. and {Welikala}, N. and {Yvon}, D. and {Zacchei}, A. and 
	{Zibin}, J.~P. and {Zonca}, A.},
    title = "{Planck intermediate results. XIII. Constraints on peculiar velocities}",
  journal = {\aap},
archivePrefix = "arXiv",
   eprint = {1303.5090},
 keywords = {cosmology: observations, cosmic background radiation, large-scale structure of Universe, galaxies: clusters: general},
     year = 2014,
    month = jan,
   volume = 561,
      eid = {A97},
    pages = {A97},
      doi = {10.1051/0004-6361/201321299},
   adsurl = {http://adsabs.harvard.edu/abs/2014A%26A...561A..97P},
  adsnote = {Provided by the SAO/NASA Astrophysics Data System}
}

%kSZ from unbound gas
@ARTICLE{Planck2015XXXVII,
   author = {{Planck Collaboration} and {Ade}, P.~A.~R. and {Aghanim}, N. and 
	{Arnaud}, M. and {Ashdown}, M. and {Aubourg}, E. and {Aumont}, J. and 
	{Baccigalupi}, C. and {Banday}, A.~J. and {Barreiro}, R.~B. and 
	{Bartolo}, N. and {Battaner}, E. and {Benabed}, K. and {Benoit-L{\'e}vy}, A. and 
	{Bersanelli}, M. and {Bielewicz}, P. and {Bock}, J.~J. and {Bonaldi}, A. and 
	{Bonavera}, L. and {Bond}, J.~R. and {Borrill}, J. and {Bouchet}, F.~R. and 
	{Burigana}, C. and {Calabrese}, E. and {Cardoso}, J.-F. and 
	{Catalano}, A. and {Chamballu}, A. and {Chiang}, H.~C. and {Christensen}, P.~R. and 
	{Clements}, D.~L. and {Colombo}, L.~P.~L. and {Combet}, C. and 
	{Crill}, B.~P. and {Curto}, A. and {Cuttaia}, F. and {Danese}, L. and 
	{Davies}, R.~D. and {Davis}, R.~J. and {de Bernardis}, P. and 
	{de Zotti}, G. and {Delabrouille}, J. and {Dickinson}, C. and 
	{Diego}, J.~M. and {Dolag}, K. and {Donzelli}, S. and {Dor{\'e}}, O. and 
	{Douspis}, M. and {Ducout}, A. and {Dupac}, X. and {Efstathiou}, G. and 
	{Elsner}, F. and {En{\ss}lin}, T.~A. and {Eriksen}, H.~K. and 
	{Finelli}, F. and {Forni}, O. and {Frailis}, M. and {Fraisse}, A.~A. and 
	{Franceschi}, E. and {Frejsel}, A. and {Galeotta}, S. and {Galli}, S. and 
	{Ganga}, K. and {G{\'e}nova-Santos}, R.~T. and {Giard}, M. and 
	{Gjerl{\o}w}, E. and {Gonz{\'a}lez-Nuevo}, J. and {G{\'o}rski}, K.~M. and 
	{Gregorio}, A. and {Gruppuso}, A. and {Hansen}, F.~K. and {Harrison}, D.~L. and 
	{Henrot-Versill{\'e}}, S. and {Hern{\'a}ndez-Monteagudo}, C. and 
	{Herranz}, D. and {Hildebrandt}, S.~R. and {Hivon}, E. and {Hobson}, M. and 
	{Hornstrup}, A. and {Huffenberger}, K.~M. and {Hurier}, G. and 
	{Jaffe}, A.~H. and {Jaffe}, T.~R. and {Jones}, W.~C. and {Juvela}, M. and 
	{Keih{\"a}nen}, E. and {Keskitalo}, R. and {Kitaura}, F. and 
	{Kneissl}, R. and {Knoche}, J. and {Kunz}, M. and {Kurki-Suonio}, H. and 
	{Lagache}, G. and {Lamarre}, J.-M. and {Lasenby}, A. and {Lattanzi}, M. and 
	{Lawrence}, C.~R. and {Leonardi}, R. and {Le{\'o}n-Tavares}, J. and 
	{Levrier}, F. and {Liguori}, M. and {Lilje}, P.~B. and {Linden-V{\o}rnle}, M. and 
	{L{\'o}pez-Caniego}, M. and {Lubin}, P.~M. and {Ma}, Y.-Z. and 
	{Mac{\'{\i}}as-P{\'e}rez}, J.~F. and {Maffei}, B. and {Maino}, D. and 
	{Mak}, D.~S.~Y. and {Mandolesi}, N. and {Mangilli}, A. and {Maris}, M. and 
	{Martin}, P.~G. and {Mart{\'{\i}}nez-Gonz{\'a}lez}, E. and {Masi}, S. and 
	{Matarrese}, S. and {McGehee}, P. and {Melchiorri}, A. and {Mennella}, A. and 
	{Migliaccio}, M. and {Miville-Desch{\^e}nes}, M.-A. and {Moneti}, A. and 
	{Montier}, L. and {Morgante}, G. and {Mortlock}, D. and {Munshi}, D. and 
	{Murphy}, J.~A. and {Naselsky}, P. and {Nati}, F. and {Natoli}, P. and 
	{Noviello}, F. and {Novikov}, D. and {Novikov}, I. and {Oxborrow}, C.~A. and 
	{Pagano}, L. and {Pajot}, F. and {Paoletti}, D. and {Perdereau}, O. and 
	{Perotto}, L. and {Pettorino}, V. and {Piacentini}, F. and {Piat}, M. and 
	{Pierpaoli}, E. and {Pointecouteau}, E. and {Polenta}, G. and 
	{Ponthieu}, N. and {Pratt}, G.~W. and {Puget}, J.-L. and {Puisieux}, S. and 
	{Rachen}, J.~P. and {Racine}, B. and {Reach}, W.~T. and {Reinecke}, M. and 
	{Remazeilles}, M. and {Renault}, C. and {Renzi}, A. and {Ristorcelli}, I. and 
	{Rocha}, G. and {Rosset}, C. and {Rossetti}, M. and {Roudier}, G. and 
	{Rubi{\~n}o-Mart{\'{\i}}n}, J.~A. and {Rusholme}, B. and {Sandri}, M. and 
	{Santos}, D. and {Savelainen}, M. and {Savini}, G. and {Scott}, D. and 
	{Spencer}, L.~D. and {Stolyarov}, V. and {Sudiwala}, R. and 
	{Sunyaev}, R. and {Sutton}, D. and {Suur-Uski}, A.-S. and {Sygnet}, J.-F. and 
	{Tauber}, J.~A. and {Terenzi}, L. and {Toffolatti}, L. and {Tomasi}, M. and 
	{Tucci}, M. and {Valenziano}, L. and {Valiviita}, J. and {Van Tent}, B. and 
	{Vielva}, P. and {Villa}, F. and {Wade}, L.~A. and {Wandelt}, B.~D. and 
	{Wang}, W. and {Wehus}, I.~K. and {Yvon}, D. and {Zacchei}, A. and 
	{Zonca}, A.},
    title = "{Planck intermediate results. XXXVII. Evidence of unbound gas from the kinetic Sunyaev-Zeldovich effect}",
  journal = {ArXiv e-prints},
archivePrefix = "arXiv",
   eprint = {1504.03339},
 keywords = {Astrophysics - Cosmology and Nongalactic Astrophysics},
     year = 2015,
    month = apr,
   adsurl = {http://adsabs.harvard.edu/abs/2015arXiv150403339P},
  adsnote = {Provided by the SAO/NASA Astrophysics Data System}
}

%MACS sample
@ARTICLE{Ebeling2001,
   author = {{Ebeling}, H. and {Edge}, A.~C. and {Henry}, J.~P.},
    title = "{MACS: A Quest for the Most Massive Galaxy Clusters in the Universe}",
  journal = {\apj},
   eprint = {astro-ph/0009101},
 keywords = {Cosmology: Observations, Galaxies: Clusters: General, Surveys, X-Rays: General},
     year = 2001,
    month = jun,
   volume = 553,
    pages = {668-676},
      doi = {10.1086/320958},
   adsurl = {http://adsabs.harvard.edu/abs/2001ApJ...553..668E},
  adsnote = {Provided by the SAO/NASA Astrophysics Data System}
}

%Radio discovery and cluster confirmation
@ARTICLE{Edge2003,
   author = {{Edge}, A.~C. and {Ebeling}, H. and {Bremer}, M. and {R{\"o}ttgering}, H. and 
	{van Haarlem}, M.~P. and {Rengelink}, R. and {Courtney}, N.~J.~D.
	},
    title = "{The discovery of two distant, massive clusters of galaxies in the ROSAT All-Sky Survey}",
  journal = {\mnras},
 keywords = {galaxies: clusters: individual: MACS J0717.5+3745, galaxies: clusters: individual: MACS J1621.3+3810, cooling flows, radio continuum: galaxies},
     year = 2003,
    month = mar,
   volume = 339,
    pages = {913-924},
      doi = {10.1046/j.1365-8711.2003.06270.x},
   adsurl = {http://adsabs.harvard.edu/abs/2003MNRAS.339..913E},
  adsnote = {Provided by the SAO/NASA Astrophysics Data System}
}

%Bolocam kSZ 1st paper
@ARTICLE{Mroczkowski2012,
   author = {{Mroczkowski}, T. and {Dicker}, S. and {Sayers}, J. and {Reese}, E.~D. and 
	{Mason}, B. and {Czakon}, N. and {Romero}, C. and {Young}, A. and 
	{Devlin}, M. and {Golwala}, S. and {Korngut}, P. and {Sarazin}, C. and 
	{Bock}, J. and {Koch}, P.~M. and {Lin}, K.-Y. and {Molnar}, S.~M. and 
	{Pierpaoli}, E. and {Umetsu}, K. and {Zemcov}, M.},
    title = "{A Multi-wavelength Study of the Sunyaev-Zel'dovich Effect in the Triple-merger Cluster MACS J0717.5+3745 with MUSTANG and Bolocam}",
  journal = {\apj},
archivePrefix = "arXiv",
   eprint = {1205.0052},
 keywords = {cosmic background radiation, cosmology: observations, X-rays: galaxies: clusters, X-rays: general},
     year = 2012,
    month = dec,
   volume = 761,
      eid = {47},
    pages = {47},
      doi = {10.1088/0004-637X/761/1/47},
   adsurl = {http://adsabs.harvard.edu/abs/2012ApJ...761...47M},
  adsnote = {Provided by the SAO/NASA Astrophysics Data System}
}

%Bolocam kSZ second paper
@ARTICLE{Sayers2013,
   author = {{Sayers}, J. and {Mroczkowski}, T. and {Zemcov}, M. and {Korngut}, P.~M. and 
	{Bock}, J. and {Bulbul}, E. and {Czakon}, N.~G. and {Egami}, E. and 
	{Golwala}, S.~R. and {Koch}, P.~M. and {Lin}, K.-Y. and {Mantz}, A. and 
	{Molnar}, S.~M. and {Moustakas}, L. and {Pierpaoli}, E. and 
	{Rawle}, T.~D. and {Reese}, E.~D. and {Rex}, M. and {Shitanishi}, J.~A. and 
	{Siegel}, S. and {Umetsu}, K.},
    title = "{A Measurement of the Kinetic Sunyaev-Zel'dovich Signal Toward MACS J0717.5+3745}",
  journal = {\apj},
archivePrefix = "arXiv",
   eprint = {1312.3680},
 primaryClass = "astro-ph.CO",
 keywords = {galaxies: clusters: individual: MACS J0717.5+3745, galaxies: clusters: intracluster medium},
     year = 2013,
    month = nov,
   volume = 778,
      eid = {52},
    pages = {52},
      doi = {10.1088/0004-637X/778/1/52},
   adsurl = {http://adsabs.harvard.edu/abs/2013ApJ...778...52S},
  adsnote = {Provided by the SAO/NASA Astrophysics Data System}
}

%Filament discovery
@ARTICLE{Ebeling2004,
   author = {{Ebeling}, H. and {Barrett}, E. and {Donovan}, D.},
    title = "{Discovery of a Large-Scale Filament Connected to the Massive Galaxy Cluster MACS J0717.5+3745 at z=0.551,}",
  journal = {\apjl},
   eprint = {astro-ph/0406049},
 keywords = {Galaxies: Clusters: Individual: Alphanumeric: MACS J0717+3745, Cosmology: Large-Scale Structure of Universe},
     year = 2004,
    month = jul,
   volume = 609,
    pages = {L49-L52},
      doi = {10.1086/422750},
   adsurl = {http://adsabs.harvard.edu/abs/2004ApJ...609L..49E},
  adsnote = {Provided by the SAO/NASA Astrophysics Data System}
}

%Filament Galaxies
@ARTICLE{Kartaltepe2008,
   author = {{Kartaltepe}, J.~S. and {Ebeling}, H. and {Ma}, C.~J. and {Donovan}, D.
	},
    title = "{Probing the large-scale structure around the most distant galaxy clusters from the massive cluster survey}",
  journal = {\mnras},
archivePrefix = "arXiv",
   eprint = {0806.4019},
 keywords = {galaxies: clusters: general , large-scale structure of Universe , X-rays: galaxies: clusters},
     year = 2008,
    month = sep,
   volume = 389,
    pages = {1240-1248},
      doi = {10.1111/j.1365-2966.2008.13620.x},
   adsurl = {http://adsabs.harvard.edu/abs/2008MNRAS.389.1240K},
  adsnote = {Provided by the SAO/NASA Astrophysics Data System}
}

%Filament WL
@ARTICLE{Jauzac2012,
   author = {{Jauzac}, M. and {Jullo}, E. and {Kneib}, J.-P. and {Ebeling}, H. and 
	{Leauthaud}, A. and {Ma}, C.-J. and {Limousin}, M. and {Massey}, R. and 
	{Richard}, J.},
    title = "{A weak lensing mass reconstruction of the large-scale filament feeding the massive galaxy cluster MACS J0717.5+3745}",
  journal = {\mnras},
archivePrefix = "arXiv",
   eprint = {1208.4323},
 keywords = {gravitational lensing: weak, galaxies: clusters: individual: MACS J0717.5+3745, cosmology: observations, large-scale structure of Universe},
     year = 2012,
    month = nov,
   volume = 426,
    pages = {3369-3384},
      doi = {10.1111/j.1365-2966.2012.21966.x},
   adsurl = {http://adsabs.harvard.edu/abs/2012MNRAS.426.3369J},
  adsnote = {Provided by the SAO/NASA Astrophysics Data System}
}

%Filament WL 2
@ARTICLE{Medezinski2013,
   author = {{Medezinski}, E. and {Umetsu}, K. and {Nonino}, M. and {Merten}, J. and 
	{Zitrin}, A. and {Broadhurst}, T. and {Donahue}, M. and {Sayers}, J. and 
	{Waizmann}, J.-C. and {Koekemoer}, A. and {Coe}, D. and {Molino}, A. and 
	{Melchior}, P. and {Mroczkowski}, T. and {Czakon}, N. and {Postman}, M. and 
	{Meneghetti}, M. and {Lemze}, D. and {Ford}, H. and {Grillo}, C. and 
	{Kelson}, D. and {Bradley}, L. and {Moustakas}, J. and {Bartelmann}, M. and 
	{Ben{\'{\i}}tez}, N. and {Biviano}, A. and {Bouwens}, R. and 
	{Golwala}, S. and {Graves}, G. and {Infante}, L. and {Jim{\'e}nez-Teja}, Y. and 
	{Jouvel}, S. and {Lahav}, O. and {Moustakas}, L. and {Ogaz}, S. and 
	{Rosati}, P. and {Seitz}, S. and {Zheng}, W.},
    title = "{CLASH: Complete Lensing Analysis of the Largest Cosmic Lens MACS J0717.5+3745 and Surrounding Structures}",
  journal = {\apj},
archivePrefix = "arXiv",
   eprint = {1304.1223},
 keywords = {cosmology: observations, dark matter, galaxies: clusters: individual: MACS J0717.5+3745, gravitational lensing: strong, gravitational lensing: weak},
     year = 2013,
    month = nov,
   volume = 777,
      eid = {43},
    pages = {43},
      doi = {10.1088/0004-637X/777/1/43},
   adsurl = {http://adsabs.harvard.edu/abs/2013ApJ...777...43M},
  adsnote = {Provided by the SAO/NASA Astrophysics Data System}
}

%Optical/Xray
@ARTICLE{Ma2009,
   author = {{Ma}, C.-J. and {Ebeling}, H. and {Barrett}, E.},
    title = "{An X-Ray/Optical Study of the Complex Dynamics of the Core of the Massive Intermediate-Redshift Cluster MACSJ0717.5+3745}",
  journal = {\apjl},
archivePrefix = "arXiv",
   eprint = {0901.4783},
 primaryClass = "astro-ph.CO",
 keywords = {galaxies: clusters: individual: MACSJ0717.5+3745, X-rays: galaxies: clusters},
     year = 2009,
    month = mar,
   volume = 693,
    pages = {L56-L60},
      doi = {10.1088/0004-637X/693/2/L56},
   adsurl = {http://adsabs.harvard.edu/abs/2009ApJ...693L..56M},
  adsnote = {Provided by the SAO/NASA Astrophysics Data System}
}

%Xray sample
@ARTICLE{Ebeling2007,
   author = {{Ebeling}, H. and {Barrett}, E. and {Donovan}, D. and {Ma}, C.-J. and 
	{Edge}, A.~C. and {van Speybroeck}, L.},
    title = "{A Complete Sample of 12 Very X-Ray Luminous Galaxy Clusters at z $\gt$ 0.5}",
  journal = {\apjl},
   eprint = {astro-ph/0703394},
 keywords = {Cosmology: Observations, Galaxies: Clusters: General, X-Rays: General},
     year = 2007,
    month = may,
   volume = 661,
    pages = {L33-L36},
      doi = {10.1086/518603},
   adsurl = {http://adsabs.harvard.edu/abs/2007ApJ...661L..33E},
  adsnote = {Provided by the SAO/NASA Astrophysics Data System}
}

%Lensed radio sources
@ARTICLE{vanWeeren2016,
   author = {{van Weeren}, R.~J. and {Ogrean}, G.~A. and {Jones}, C. and 
	{Forman}, W.~R. and {Andrade-Santos}, F. and {Bonafede}, A. and 
	{Br{\"u}ggen}, M. and {Bulbul}, E. and {Clarke}, T.~E. and {Churazov}, E. and 
	{David}, L. and {Dawson}, W.~A. and {Donahue}, M. and {Goulding}, A. and 
	{Kraft}, R.~P. and {Mason}, B. and {Merten}, J. and {Mroczkowski}, T. and 
	{Murray}, S.~S. and {Nulsen}, P.~E.~J. and {Rosati}, P. and 
	{Roediger}, E. and {Randall}, S.~W. and {Sayers}, J. and {Umetsu}, K. and 
	{Vikhlinin}, A. and {Zitrin}, A.},
    title = "{The Discovery of Lensed Radio and X-Ray Sources behind the Frontier Fields Cluster MACS J0717.5+3745 with the JVLA and Chandra}",
  journal = {\apj},
archivePrefix = "arXiv",
   eprint = {1512.04527},
 keywords = {galaxies: clusters: individual: MACS J0717.5+3745, gravitational lensing: strong, radio continuum: galaxies},
     year = 2016,
    month = feb,
   volume = 817,
      eid = {98},
    pages = {98},
      doi = {10.3847/0004-637X/817/2/98},
   adsurl = {http://adsabs.harvard.edu/abs/2016ApJ...817...98V},
  adsnote = {Provided by the SAO/NASA Astrophysics Data System}
}

%Radio halo discovery
@ARTICLE{vanWeeren2009,
   author = {{van Weeren}, R.~J. and {R{\"o}ttgering}, H.~J.~A. and {Br{\"u}ggen}, M. and 
	{Cohen}, A.},
    title = "{Diffuse radio emission in the merging cluster MACS J0717.5+3745: the discovery of the most powerful radio halo}",
  journal = {\aap},
archivePrefix = "arXiv",
   eprint = {0905.3650},
 keywords = {radio continuum: galaxies, galaxies: clusters: individual: <ASTROBJ>MACS J0717.5+3745</ASTROBJ>, cosmology: large-scale structure of Universe},
     year = 2009,
    month = oct,
   volume = 505,
    pages = {991-997},
      doi = {10.1051/0004-6361/200912528},
   adsurl = {http://adsabs.harvard.edu/abs/2009A%26A...505..991V},
  adsnote = {Provided by the SAO/NASA Astrophysics Data System}
}

% Radio halo
@ARTICLE{Bonafede2009,
   author = {{Bonafede}, A. and {Feretti}, L. and {Giovannini}, G. and {Govoni}, F. and 
	{Murgia}, M. and {Taylor}, G.~B. and {Ebeling}, H. and {Allen}, S. and 
	{Gentile}, G. and {Pihlstr{\"o}m}, Y.},
    title = "{Revealing the magnetic field in a distant galaxy cluster: discovery of the complex radio emission from MACS J0717.5 +3745}",
  journal = {\aap},
archivePrefix = "arXiv",
   eprint = {0905.3552},
 keywords = {galaxies: clusters: general, galaxies: clusters: individual: MACS J0717+3745, radiation, mechanisms: non-thermal, polarization, magnetic fields},
     year = 2009,
    month = sep,
   volume = 503,
    pages = {707-720},
      doi = {10.1051/0004-6361/200912520},
   adsurl = {http://adsabs.harvard.edu/abs/2009A%26A...503..707B},
  adsnote = {Provided by the SAO/NASA Astrophysics Data System}
}

%Radio again
@ARTICLE{PandeyPommier2013,
   author = {{Pandey-Pommier}, M. and {Richard}, J. and {Combes}, F. and 
	{Dwarakanath}, K.~S. and {Guiderdoni}, B. and {Ferrari}, C. and 
	{Sirothia}, S. and {Narasimha}, D.},
    title = "{Low-frequency radio emission in the massive galaxy cluster MACS J0717.5 + 3745}",
  journal = {\aap},
 keywords = {galaxies: clusters: intracluster medium, instrumentation: interferometers, surveys},
     year = 2013,
    month = sep,
   volume = 557,
      eid = {A117},
    pages = {A117},
      doi = {10.1051/0004-6361/201321809},
   adsurl = {http://adsabs.harvard.edu/abs/2013A%26A...557A.117P},
  adsnote = {Provided by the SAO/NASA Astrophysics Data System}
}

%SZA
@ARTICLE{Coble2007,
   author = {{Coble}, K. and {Bonamente}, M. and {Carlstrom}, J.~E. and {Dawson}, K. and 
	{Hasler}, N. and {Holzapfel}, W. and {Joy}, M. and {La Roque}, S. and 
	{Marrone}, D.~P. and {Reese}, E.~D.},
    title = "{Radio Sources toward Galaxy Clusters at 30 GHz}",
  journal = {\aj},
   eprint = {astro-ph/0608274},
 keywords = {cosmic microwave background, cosmology: observations, galaxies: clusters: general, radio continuum: galaxies},
     year = 2007,
    month = sep,
   volume = 134,
    pages = {897},
      doi = {10.1086/519973},
   adsurl = {http://adsabs.harvard.edu/abs/2007AJ....134..897C},
  adsnote = {Provided by the SAO/NASA Astrophysics Data System}
}

%CLASH overview
@ARTICLE{Postman2012,
   author = {{Postman}, M. and {Coe}, D. and {Ben{\'{\i}}tez}, N. and {Bradley}, L. and 
	{Broadhurst}, T. and {Donahue}, M. and {Ford}, H. and {Graur}, O. and 
	{Graves}, G. and {Jouvel}, S. and {Koekemoer}, A. and {Lemze}, D. and 
	{Medezinski}, E. and {Molino}, A. and {Moustakas}, L. and {Ogaz}, S. and 
	{Riess}, A. and {Rodney}, S. and {Rosati}, P. and {Umetsu}, K. and 
	{Zheng}, W. and {Zitrin}, A. and {Bartelmann}, M. and {Bouwens}, R. and 
	{Czakon}, N. and {Golwala}, S. and {Host}, O. and {Infante}, L. and 
	{Jha}, S. and {Jimenez-Teja}, Y. and {Kelson}, D. and {Lahav}, O. and 
	{Lazkoz}, R. and {Maoz}, D. and {McCully}, C. and {Melchior}, P. and 
	{Meneghetti}, M. and {Merten}, J. and {Moustakas}, J. and {Nonino}, M. and 
	{Patel}, B. and {Reg{\"o}s}, E. and {Sayers}, J. and {Seitz}, S. and 
	{Van der Wel}, A.},
    title = "{The Cluster Lensing and Supernova Survey with Hubble: An Overview}",
  journal = {\apjs},
archivePrefix = "arXiv",
   eprint = {1106.3328},
 primaryClass = "astro-ph.CO",
 keywords = {dark energy, dark matter, Galaxy: evolution, Galaxy: formation, gravitational lensing: strong, gravitational lensing: weak},
     year = 2012,
    month = apr,
   volume = 199,
      eid = {25},
    pages = {25},
      doi = {10.1088/0067-0049/199/2/25},
   adsurl = {http://adsabs.harvard.edu/abs/2012ApJS..199...25P},
  adsnote = {Provided by the SAO/NASA Astrophysics Data System}
}

%SL1
@ARTICLE{Zitrin2009,
   author = {{Zitrin}, A. and {Broadhurst}, T. and {Rephaeli}, Y. and {Sadeh}, S.
	},
    title = "{The Largest Gravitational Lens: MACS J0717.5+3745 (z = 0.546)}",
  journal = {\apjl},
archivePrefix = "arXiv",
   eprint = {0907.4232},
 primaryClass = "astro-ph.CO",
 keywords = {dark matter, galaxies: clusters: individual: MACS J0717.5+3745, gravitational lensing},
     year = 2009,
    month = dec,
   volume = 707,
    pages = {L102-L106},
      doi = {10.1088/0004-637X/707/1/L102},
   adsurl = {http://adsabs.harvard.edu/abs/2009ApJ...707L.102Z},
  adsnote = {Provided by the SAO/NASA Astrophysics Data System}
}

%SL2
@ARTICLE{Limousin2015,
   author = {{Limousin}, M. and {Richard}, J. and {Jullo}, E. and {Jauzac}, M. and 
	{Ebeling}, H. and {Bonamigo}, M. and {Alavi}, A. and {Cl{\'e}ment}, B. and 
	{Giocoli}, C. and {Kneib}, J.-P. and {Verdugo}, T. and {Natarajan}, P. and 
	{Siana}, B. and {Atek}, H. and {Rexroth}, M.},
    title = "{Strong-lensing analysis of MACS J0717.5+3745 from Hubble Frontier Fields observations: How well can the mass distribution be constrained?}",
  journal = {\aap},
archivePrefix = "arXiv",
   eprint = {1510.08077},
 keywords = {gravitational lensing: strong, galaxies: clusters: individual: MACS J0717.5+3745},
     year = 2016,
    month = apr,
   volume = 588,
      eid = {A99},
    pages = {A99},
      doi = {10.1051/0004-6361/201527638},
   adsurl = {http://adsabs.harvard.edu/abs/2016A%26A...588A..99L},
  adsnote = {Provided by the SAO/NASA Astrophysics Data System}
}

%SL3
@ARTICLE{Kawamata2015,
   author = {{Kawamata}, R. and {Oguri}, M. and {Ishigaki}, M. and {Shimasaku}, K. and 
	{Ouchi}, M.},
    title = "{Precise Strong Lensing Mass Modeling of Four Hubble Frontier Fields Clusters and a Sample of Magnified High-Redshift Galaxies}",
  journal = {ArXiv e-prints},
archivePrefix = "arXiv",
   eprint = {1510.06400},
 keywords = {Astrophysics - Astrophysics of Galaxies, Astrophysics - Cosmology and Nongalactic Astrophysics},
     year = 2015,
    month = oct,
   adsurl = {http://adsabs.harvard.edu/abs/2015arXiv151006400K},
  adsnote = {Provided by the SAO/NASA Astrophysics Data System}
}

%SL4
@ARTICLE{Diego2015,
   author = {{Diego}, J.~M. and {Broadhurst}, T. and {Zitrin}, A. and {Lam}, D. and 
	{Lim}, J. and {Ford}, H.~C. and {Zheng}, W.},
    title = "{Hubble Frontier Field free-form mass mapping of the massive multiple-merging cluster MACSJ0717.5+3745}",
  journal = {\mnras},
archivePrefix = "arXiv",
   eprint = {1410.7019},
 keywords = {galaxies: clusters: general, dark matter},
     year = 2015,
    month = aug,
   volume = 451,
    pages = {3920-3932},
      doi = {10.1093/mnras/stv1168},
   adsurl = {http://adsabs.harvard.edu/abs/2015MNRAS.451.3920D},
  adsnote = {Provided by the SAO/NASA Astrophysics Data System}
}

%SL5
@ARTICLE{Limousin2012,
   author = {{Limousin}, M. and {Ebeling}, H. and {Richard}, J. and {Swinbank}, A.~M. and 
	{Smith}, G.~P. and {Jauzac}, M. and {Rodionov}, S. and {Ma}, C.-J. and 
	{Smail}, I. and {Edge}, A.~C. and {Jullo}, E. and {Kneib}, J.-P.
	},
    title = "{Strong lensing by a node of the cosmic web. The core of MACS J0717.5+3745 at z = 0.55}",
  journal = {\aap},
archivePrefix = "arXiv",
   eprint = {1109.3301},
 keywords = {gravitational lensing: strong, galaxies: clusters: individual: MACS J0717.5+3745, large-scale structure of Universe, dark matter},
     year = 2012,
    month = aug,
   volume = 544,
      eid = {A71},
    pages = {A71},
      doi = {10.1051/0004-6361/201117921},
   adsurl = {http://adsabs.harvard.edu/abs/2012A%26A...544A..71L},
  adsnote = {Provided by the SAO/NASA Astrophysics Data System}
}

%SL6
@ARTICLE{Zitrin2011,
   author = {{Zitrin}, A. and {Broadhurst}, T. and {Barkana}, R. and {Rephaeli}, Y. and 
	{Ben{\'{\i}}tez}, N.},
    title = "{Strong-lensing analysis of a complete sample of 12 MACS clusters at z $\gt$ 0.5: mass models and Einstein radii}",
  journal = {\mnras},
archivePrefix = "arXiv",
   eprint = {1002.0521},
 primaryClass = "astro-ph.CO",
 keywords = {gravitational lensing: strong, galaxies: clusters: general, galaxies: clusters: individual: MACS z $\gt$ 0.5 sample, dark matter},
     year = 2011,
    month = jan,
   volume = 410,
    pages = {1939-1956},
      doi = {10.1111/j.1365-2966.2010.17574.x},
   adsurl = {http://adsabs.harvard.edu/abs/2011MNRAS.410.1939Z},
  adsnote = {Provided by the SAO/NASA Astrophysics Data System}
}

%SL7
@ARTICLE{Zitrin2015,
   author = {{Zitrin}, A. and {Fabris}, A. and {Merten}, J. and {Melchior}, P. and 
	{Meneghetti}, M. and {Koekemoer}, A. and {Coe}, D. and {Maturi}, M. and 
	{Bartelmann}, M. and {Postman}, M. and {Umetsu}, K. and {Seidel}, G. and 
	{Sendra}, I. and {Broadhurst}, T. and {Balestra}, I. and {Biviano}, A. and 
	{Grillo}, C. and {Mercurio}, A. and {Nonino}, M. and {Rosati}, P. and 
	{Bradley}, L. and {Carrasco}, M. and {Donahue}, M. and {Ford}, H. and 
	{Frye}, B.~L. and {Moustakas}, J.},
    title = "{Hubble Space Telescope Combined Strong and Weak Lensing Analysis of the CLASH Sample: Mass and Magnification Models and Systematic Uncertainties}",
  journal = {\apj},
archivePrefix = "arXiv",
   eprint = {1411.1414},
 keywords = {galaxies: clusters: general, galaxies: high-redshift, gravitational lensing: strong, gravitational lensing: weak},
     year = 2015,
    month = mar,
   volume = 801,
      eid = {44},
    pages = {44},
      doi = {10.1088/0004-637X/801/1/44},
   adsurl = {http://adsabs.harvard.edu/abs/2015ApJ...801...44Z},
  adsnote = {Provided by the SAO/NASA Astrophysics Data System}
}

%SL8
@ARTICLE{Johnson2014,
   author = {{Johnson}, T.~L. and {Sharon}, K. and {Bayliss}, M.~B. and {Gladders}, M.~D. and 
	{Coe}, D. and {Ebeling}, H.},
    title = "{Lens Models and Magnification Maps of the Six Hubble Frontier Fields Clusters}",
  journal = {\apj},
archivePrefix = "arXiv",
   eprint = {1405.0222},
 keywords = {galaxies: clusters: individual:: A2744 MACS J0416.1-2403 MACS J0717.5+3745, galaxies: distances and redshifts, gravitational lensing: strong},
     year = 2014,
    month = dec,
   volume = 797,
      eid = {48},
    pages = {48},
      doi = {10.1088/0004-637X/797/1/48},
   adsurl = {http://adsabs.harvard.edu/abs/2014ApJ...797...48J},
  adsnote = {Provided by the SAO/NASA Astrophysics Data System}
}

%Lensing
@ARTICLE{Martinet2016,
   author = {{Martinet}, N. and {Clowe}, D. and {Durret}, F. and {Adami}, C. and 
	{Acebr{\'o}n}, A. and {Hernandez-Garc{\'{\i}}a}, L. and {M{\'a}rquez}, I. and 
	{Guennou}, L. and {Sarron}, F. and {Ulmer}, M.},
    title = "{Weak lensing study of 16 DAFT/FADA clusters: Substructures and filaments}",
  journal = {\aap},
archivePrefix = "arXiv",
   eprint = {1603.04696},
 keywords = {galaxies: clusters: general, gravitational lensing: weak, large-scale structure of Universe},
     year = 2016,
    month = may,
   volume = 590,
      eid = {A69},
    pages = {A69},
      doi = {10.1051/0004-6361/201526444},
   adsurl = {http://adsabs.harvard.edu/abs/2016A%26A...590A..69M},
  adsnote = {Provided by the SAO/NASA Astrophysics Data System}
}

%SZA
@ARTICLE{LaRoque2003,
   author = {{LaRoque}, S.~J. and {Joy}, M. and {Carlstrom}, J.~E. and {Ebeling}, H. and 
	{Bonamente}, M. and {Dawson}, K.~S. and {Edge}, A. and {Holzapfel}, W.~L. and 
	{Miller}, A.~D. and {Nagai}, D. and {Patel}, S.~K. and {Reese}, E.~D.
	},
    title = "{Sunyaev-Zeldovich Effect Imaging of MACS Galaxy Clusters at z$\gt$0.5}",
  journal = {\apj},
 keywords = {Cosmology: Cosmic Microwave Background, Cosmology: Observations- Galaxies: Clusters: General, Submillimeter, Techniques: Interferometric, X-Rays: Galaxies: Clusters},
     year = 2003,
    month = feb,
   volume = 583,
    pages = {559-565},
      doi = {10.1086/345500},
   adsurl = {http://adsabs.harvard.edu/abs/2003ApJ...583..559L},
  adsnote = {Provided by the SAO/NASA Astrophysics Data System}
}

%NIKA technical paper TO BE cited1
@ARTICLE{Monfardini2011,
   author = {{Monfardini}, A. and {Benoit}, A. and {Bideaud}, A. and {Swenson}, L. and 
	{Cruciani}, A. and {Camus}, P. and {Hoffmann}, C. and {D{\'e}sert}, F.~X. and 
	{Doyle}, S. and {Ade}, P. and {Mauskopf}, P. and {Tucker}, C. and 
	{Roesch}, M. and {Leclercq}, S. and {Schuster}, K.~F. and {Endo}, A. and 
	{Baryshev}, A. and {Baselmans}, J.~J.~A. and {Ferrari}, L. and 
	{Yates}, S.~J.~C. and {Bourrion}, O. and {Macias-Perez}, J. and 
	{Vescovi}, C. and {Calvo}, M. and {Giordano}, C.},
    title = "{A Dual-band Millimeter-wave Kinetic Inductance Camera for the IRAM 30 m Telescope}",
  journal = {\apjs},
archivePrefix = "arXiv",
   eprint = {1102.0870},
 primaryClass = "astro-ph.IM",
 keywords = {instrumentation: detectors, radio continuum: galaxies, radio continuum: general, submillimeter: galaxies, submillimeter: general, techniques: miscellaneous},
     year = 2011,
    month = jun,
   volume = 194,
      eid = {24},
    pages = {24},
      doi = {10.1088/0067-0049/194/2/24},
   adsurl = {http://adsabs.harvard.edu/abs/2011ApJS..194...24M},
  adsnote = {Provided by the SAO/NASA Astrophysics Data System}
}

%NIKA technical paper TO BE cited2
@ARTICLE{Bourrion2012,
   author = {{Bourrion}, O. and {Vescovi}, C. and {Bouly}, J.~L. and {Benoit}, A. and 
	{Calvo}, M. and {Gallin-Martel}, L. and {Macias-Perez}, J.~F. and 
	{Monfardini}, A.},
    title = "{NIKEL: Electronics and data acquisition for kilopixels kinetic inductance camera}",
  journal = {Journal of Instrumentation},
archivePrefix = "arXiv",
   eprint = {1204.1415},
 primaryClass = "astro-ph.IM",
     year = 2012,
    month = jul,
   volume = 7,
    pages = {7014},
      doi = {10.1088/1748-0221/7/07/P07014},
   adsurl = {http://adsabs.harvard.edu/abs/2012JInst...7.7014B},
  adsnote = {Provided by the SAO/NASA Astrophysics Data System}
}

%NIKA technical paper TO BE cited3
@ARTICLE{Calvo2013,
   author = {{Calvo}, M. and {Roesch}, M. and {D{\'e}sert}, F.-X. and {Monfardini}, A. and 
	{Benoit}, A. and {Mauskopf}, P. and {Ade}, P. and {Boudou}, N. and 
	{Bourrion}, O. and {Camus}, P. and {Cruciani}, A. and {Doyle}, S. and 
	{Hoffmann}, C. and {Leclercq}, S. and {Macias-Perez}, J.~F. and 
	{Ponthieu}, N. and {Schuster}, K.~F. and {Tucker}, C. and {Vescovi}, C.
	},
    title = "{Improved mm-wave photometry for kinetic inductance detectors}",
  journal = {\aap},
 keywords = {instrumentation: detectors, methods: observational, telescopes, techniques: photometric},
     year = 2013,
    month = mar,
   volume = 551,
      eid = {L12},
    pages = {L12},
      doi = {10.1051/0004-6361/201219854},
   adsurl = {http://adsabs.harvard.edu/abs/2013A%26A...551L..12C},
  adsnote = {Provided by the SAO/NASA Astrophysics Data System}
}

%NIKA technical paper TO BE cited4
@ARTICLE{Catalano2014,
   author = {{Catalano}, A. and {Calvo}, M. and {Ponthieu}, N. and {Adam}, R. and 
	{Adane}, A. and {Ade}, P. and {Andr{\'e}}, P. and {Beelen}, A. and 
	{Belier}, B. and {Beno{\^i}t}, A. and {Bideaud}, A. and {Billot}, N. and 
	{Boudou}, N. and {Bourrion}, O. and {Coiffard}, G. and {Comis}, B. and 
	{D'Addabbo}, A. and {D{\'e}sert}, F.-X. and {Doyle}, S. and 
	{Goupy}, J. and {Kramer}, C. and {Leclercq}, S. and {Mac{\'{\i}}as-P{\'e}rez}, J.~F. and 
	{Martino}, J. and {Mauskopf}, P. and {Mayet}, F. and {Monfardini}, A. and 
	{Pajot}, F. and {Pascale}, E. and {Perotto}, L. and {Rev{\'e}ret}, V. and 
	{Rodriguez}, L. and {Savini}, G. and {Schuster}, K. and {Sievers}, A. and 
	{Tucker}, C. and {Zylka}, R.},
    title = "{Performance and calibration of the NIKA camera at the IRAM 30 m telescope}",
  journal = {\aap},
archivePrefix = "arXiv",
   eprint = {1402.0260},
 primaryClass = "astro-ph.IM",
 keywords = {methods: observational, submillimeter: general, submillimeter: galaxies, submillimeter: ISM},
     year = 2014,
    month = sep,
   volume = 569,
      eid = {A9},
    pages = {A9},
      doi = {10.1051/0004-6361/201423557},
   adsurl = {http://adsabs.harvard.edu/abs/2014A%26A...569A...9C},
  adsnote = {Provided by the SAO/NASA Astrophysics Data System}
}

%NIKA technical paper TO BE cited5
@ARTICLE{Monfardini2014,
   author = {{Monfardini}, A. and {Adam}, R. and {Adane}, A. and {Ade}, P. and 
	{Andr{\'e}}, P. and {Beelen}, A. and {Belier}, B. and {Benoit}, A. and 
	{Bideaud}, A. and {Billot}, N. and {Bourrion}, O. and {Calvo}, M. and 
	{Catalano}, A. and {Coiffard}, G. and {Comis}, B. and {D'Addabbo}, A. and 
	{D{\'e}sert}, F.-X. and {Doyle}, S. and {Goupy}, J. and {Kramer}, C. and 
	{Leclercq}, S. and {Macias-Perez}, J. and {Martino}, J. and 
	{Mauskopf}, P. and {Mayet}, F. and {Pajot}, F. and {Pascale}, E. and 
	{Ponthieu}, N. and {Rev{\'e}ret}, V. and {Rodriguez}, L. and 
	{Savini}, G. and {Schuster}, K. and {Sievers}, A. and {Tucker}, C. and 
	{Zylka}, R.},
    title = "{Latest NIKA Results and the NIKA-2 Project}",
  journal = {Journal of Low Temperature Physics},
archivePrefix = "arXiv",
   eprint = {1310.1230},
 primaryClass = "astro-ph.IM",
 keywords = {Kinetic inductance detectors, Millimeter astronomy, Superconducting detectors},
     year = 2014,
    month = sep,
   volume = 176,
    pages = {787-795},
      doi = {10.1007/s10909-013-0985-4},
   adsurl = {http://adsabs.harvard.edu/abs/2014JLTP..176..787M},
  adsnote = {Provided by the SAO/NASA Astrophysics Data System}
}

%NIKA technical paper TO BE cited6
@ARTICLE{Calvo2016,
   author = {{Calvo}, M. and {Benoit}, A. and {Catalano}, A. and {Goupy}, J. and 
	{Monfardini}, A. and {Ponthieu}, N. and {Barria}, E. and {Bres}, G. and 
	{Grollier}, M. and {Garde}, G. and {Leggeri}, J.-P. and {Pont}, G. and 
	{Triqueneaux}, S. and {Adam}, R. and {Bourrion}, O. and {Mac{\'{\i}}as-P{\'e}rez}, J.-F. and 
	{Rebolo}, M. and {Ritacco}, A. and {Scordilis}, J.-P. and {Tourres}, D. and 
	{Vescovi}, C. and {D{\'e}sert}, F.-X. and {Adane}, A. and {Coiffard}, G. and 
	{Leclercq}, S. and {Doyle}, S. and {Mauskopf}, P. and {Tucker}, C. and 
	{Ade}, P. and {Andr{\'e}}, P. and {Beelen}, A. and {Belier}, B. and 
	{Bideaud}, A. and {Billot}, N. and {Comis}, B. and {D'Addabbo}, A. and 
	{Kramer}, C. and {Martino}, J. and {Mayet}, F. and {Pajot}, F. and 
	{Pascale}, E. and {Perotto}, L. and {Rev{\'e}ret}, V. and {Rodriguez}, L. and 
	{Savini}, G. and {Schuster}, K. and {Sievers}, A. and {Zylka}, R.
	},
    title = "{The NIKA2 instrument, a dual-band kilopixel KID array for millimetric astronomy}",
  journal = {ArXiv e-prints},
archivePrefix = "arXiv",
   eprint = {1601.02774},
 primaryClass = "astro-ph.IM",
 keywords = {Astrophysics - Instrumentation and Methods for Astrophysics},
     year = 2016,
    month = jan,
   adsurl = {http://adsabs.harvard.edu/abs/2016arXiv160102774C},
  adsnote = {Provided by the SAO/NASA Astrophysics Data System}
}

%First NIKA tSZ paper
@ARTICLE{Adam2014,
   author = {{Adam}, R. and {Comis}, B. and {Mac{\'{\i}}as-P{\'e}rez}, J.~F. and 
	{Adane}, A. and {Ade}, P. and {Andr{\'e}}, P. and {Beelen}, A. and 
	{Belier}, B. and {Beno{\^i}t}, A. and {Bideaud}, A. and {Billot}, N. and 
	{Boudou}, N. and {Bourrion}, O. and {Calvo}, M. and {Catalano}, A. and 
	{Coiffard}, G. and {D'Addabbo}, A. and {D{\'e}sert}, F.-X. and 
	{Doyle}, S. and {Goupy}, J. and {Kramer}, C. and {Leclercq}, S. and 
	{Martino}, J. and {Mauskopf}, P. and {Mayet}, F. and {Monfardini}, A. and 
	{Pajot}, F. and {Pascale}, E. and {Perotto}, L. and {Pointecouteau}, E. and 
	{Ponthieu}, N. and {Rev{\'e}ret}, V. and {Rodriguez}, L. and 
	{Savini}, G. and {Schuster}, K. and {Sievers}, A. and {Tucker}, C. and 
	{Zylka}, R.},
    title = "{First observation of the thermal Sunyaev-Zel'dovich effect with kinetic inductance detectors}",
  journal = {\aap},
archivePrefix = "arXiv",
   eprint = {1310.6237},
 keywords = {instrumentation: detectors, techniques: high angular resolution, galaxies: clusters: individual: RX J1347.5-1145, galaxies: clusters: intracluster medium},
     year = 2014,
    month = sep,
   volume = 569,
      eid = {A66},
    pages = {A66},
      doi = {10.1051/0004-6361/201322902},
   adsurl = {http://adsabs.harvard.edu/abs/2014A%26A...569A..66A},
  adsnote = {Provided by the SAO/NASA Astrophysics Data System}
}

%Second NIKA tSZ paper
@ARTICLE{Adam2015,
   author = {{Adam}, R. and {Comis}, B. and {Mac{\'{\i}}as-P{\'e}rez}, J.-F. and 
	{Adane}, A. and {Ade}, P. and {Andr{\'e}}, P. and {Beelen}, A. and 
	{Belier}, B. and {Beno{\^i}t}, A. and {Bideaud}, A. and {Billot}, N. and 
	{Blanquer}, G. and {Bourrion}, O. and {Calvo}, M. and {Catalano}, A. and 
	{Coiffard}, G. and {Cruciani}, A. and {D'Addabbo}, A. and {D{\'e}sert}, F.-X. and 
	{Doyle}, S. and {Goupy}, J. and {Kramer}, C. and {Leclercq}, S. and 
	{Martino}, J. and {Mauskopf}, P. and {Mayet}, F. and {Monfardini}, A. and 
	{Pajot}, F. and {Pascale}, E. and {Perotto}, L. and {Pointecouteau}, E. and 
	{Ponthieu}, N. and {Rev{\'e}ret}, V. and {Ritacco}, A. and {Rodriguez}, L. and 
	{Savini}, G. and {Schuster}, K. and {Sievers}, A. and {Tucker}, C. and 
	{Zylka}, R.},
    title = "{Pressure distribution of the high-redshift cluster of galaxies CL J1226.9+3332 with NIKA}",
  journal = {\aap},
archivePrefix = "arXiv",
   eprint = {1410.2808},
 keywords = {techniques: high angular resolution, galaxies: clusters: individual: CL J1226.9+3332},
     year = 2015,
    month = apr,
   volume = 576,
      eid = {A12},
    pages = {A12},
      doi = {10.1051/0004-6361/201425140},
   adsurl = {http://adsabs.harvard.edu/abs/2015A%26A...576A..12A},
  adsnote = {Provided by the SAO/NASA Astrophysics Data System}
}

%Third NIKA tSZ paper
@ARTICLE{Adam2016,
   author = {{Adam}, R. and {Comis}, B. and {Bartalucci}, I. and {Adane}, A. and 
	{Ade}, P. and {Andr{\'e}}, P. and {Arnaud}, M. and {Beelen}, A. and 
	{Belier}, B. and {Beno{\^i}t}, A. and {Bideaud}, A. and {Billot}, N. and 
	{Bourrion}, O. and {Calvo}, M. and {Catalano}, A. and {Coiffard}, G. and 
	{D'Addabbo}, A. and {D{\'e}sert}, F.-X. and {Doyle}, S. and 
	{Goupy}, J. and {Hasnoun}, B. and {Hermelo}, I. and {Kramer}, C. and 
	{Lagache}, G. and {Leclercq}, S. and {Mac{\'{\i}}as-P{\'e}rez}, J.-F. and 
	{Martino}, J. and {Mauskopf}, P. and {Mayet}, F. and {Monfardini}, A. and 
	{Pajot}, F. and {Pascale}, E. and {Perotto}, L. and {Pointecouteau}, E. and 
	{Ponthieu}, N. and {Pratt}, G.~W. and {Rev{\'e}ret}, V. and 
	{Ritacco}, A. and {Rodriguez}, L. and {Savini}, G. and {Schuster}, K. and 
	{Sievers}, A. and {Triqueneaux}, S. and {Tucker}, C. and {Zylka}, R.
	},
    title = "{High angular resolution Sunyaev-Zel'dovich observations of MACS J1423.8+2404 with NIKA: Multiwavelength analysis}",
  journal = {\aap},
archivePrefix = "arXiv",
   eprint = {1510.06674},
 keywords = {techniques: high angular resolution, galaxies: clusters: individual: MACS J1423.8+2404, galaxies: clusters: intracluster medium},
     year = 2016,
    month = feb,
   volume = 586,
      eid = {A122},
    pages = {A122},
      doi = {10.1051/0004-6361/201527616},
   adsurl = {http://adsabs.harvard.edu/abs/2016A%26A...586A.122A},
  adsnote = {Provided by the SAO/NASA Astrophysics Data System}
}

%Planck 2015 cosmological parameters
@ARTICLE{Planck2015XIII,
   author = {{Planck Collaboration} and {Ade}, P.~A.~R. and {Aghanim}, N. and 
	{Arnaud}, M. and {Ashdown}, M. and {Aumont}, J. and {Baccigalupi}, C. and 
	{Banday}, A.~J. and {Barreiro}, R.~B. and {Bartlett}, J.~G. and et al.},
    title = "{Planck 2015 results. XIII. Cosmological parameters}",
  journal = {ArXiv e-prints},
archivePrefix = "arXiv",
   eprint = {1502.01589},
 keywords = {Astrophysics - Cosmology and Nongalactic Astrophysics},
     year = 2015,
    month = feb,
   adsurl = {http://adsabs.harvard.edu/abs/2015arXiv150201589P},
  adsnote = {Provided by the SAO/NASA Astrophysics Data System}
}

%Beam efficiency
@ARTICLE{Greve1998,
   author = {{Greve}, A. and {Neri}, R. and {Sievers}, A.},
    title = "{The gain-elevation correction of the IRAM 30-m telescope}",
  journal = {\aaps},
 keywords = {TELESCOPES},
     year = 1998,
    month = nov,
   volume = 132,
    pages = {413-416},
      doi = {10.1051/aas:1998303},
   adsurl = {http://adsabs.harvard.edu/abs/1998A%26AS..132..413G},
  adsnote = {Provided by the SAO/NASA Astrophysics Data System}
}

%CMB temperature
@ARTICLE{Fixsen2009,
   author = {{Fixsen}, D.~J.},
    title = "{The Temperature of the Cosmic Microwave Background}",
  journal = {\apj},
archivePrefix = "arXiv",
   eprint = {0911.1955},
 keywords = {cosmic microwave background, cosmology: observations},
     year = 2009,
    month = dec,
   volume = 707,
    pages = {916-920},
      doi = {10.1088/0004-637X/707/2/916},
   adsurl = {http://adsabs.harvard.edu/abs/2009ApJ...707..916F},
  adsnote = {Provided by the SAO/NASA Astrophysics Data System}
}

%SZ from radio lobes
@ARTICLE{Colafrancesco2008,
   author = {{Colafrancesco}, S.},
    title = "{SZ effect from radio-galaxy lobes: astrophysical and cosmological relevance}",
  journal = {\mnras},
archivePrefix = "arXiv",
   eprint = {0801.4535},
 keywords = {galaxies: active , cosmology: theory},
     year = 2008,
    month = apr,
   volume = 385,
    pages = {2041-2048},
      doi = {10.1111/j.1365-2966.2008.12961.x},
   adsurl = {http://adsabs.harvard.edu/abs/2008MNRAS.385.2041C},
  adsnote = {Provided by the SAO/NASA Astrophysics Data System}
}

%SZ from DM annihilation
@ARTICLE{Colafrancesco2004,
   author = {{Colafrancesco}, S.},
    title = "{SZ effect from Dark Matter annihilation}",
  journal = {\aap},
   eprint = {astro-ph/0405456},
 keywords = {cosmology, dark matter, galaxies: clusters, cosmic microwave background},
     year = 2004,
    month = jul,
   volume = 422,
    pages = {L23-L27},
      doi = {10.1051/0004-6361:20040175},
   adsurl = {http://adsabs.harvard.edu/abs/2004A%26A...422L..23C},
  adsnote = {Provided by the SAO/NASA Astrophysics Data System}
}

%Non thermal SZ
@ARTICLE{Colafrancesco2003,
   author = {{Colafrancesco}, S. and {Marchegiani}, P. and {Palladino}, E.
	},
    title = "{The non-thermal Sunyaev-Zel'dovich effect in clusters of galaxies}",
  journal = {\aap},
   eprint = {astro-ph/0211649},
 keywords = {cosmology: theory, galaxies: clusters: general},
     year = 2003,
    month = jan,
   volume = 397,
    pages = {27-52},
      doi = {10.1051/0004-6361:20021199},
   adsurl = {http://adsabs.harvard.edu/abs/2003A%26A...397...27C},
  adsnote = {Provided by the SAO/NASA Astrophysics Data System}
}

%tSZ Relativistic corrections
@ARTICLE{Itoh2003,
   author = {{Itoh}, N. and {Nozawa}, S.},
    title = "{Relativistic Corrections to the Sunyaev-Zeldovich Effect for Clusters of Galaxies. V. Numerical Results for High Electron Temperatures}",
  journal = {ArXiv Astrophysics e-prints},
   eprint = {astro-ph/0307519},
 keywords = {Astrophysics},
     year = 2003,
    month = jul,
   adsurl = {http://adsabs.harvard.edu/abs/2003astro.ph..7519I},
  adsnote = {Provided by the SAO/NASA Astrophysics Data System}
}

%kSZ relativistic corrections
@ARTICLE{Nozawa2006,
   author = {{Nozawa}, S. and {Itoh}, N. and {Suda}, Y. and {Ohhata}, Y.},
    title = "{An improved formula for the relativistic corrections to the kinematical Sunyaev-Zeldovich effect for clusters of galaxies}",
  journal = {Nuovo Cimento B Serie},
   eprint = {astro-ph/0507466},
     year = 2006,
    month = may,
   volume = 121,
    pages = {487-500},
      doi = {10.1393/ncb/i2005-10223-0},
   adsurl = {http://adsabs.harvard.edu/abs/2006NCimB.121..487N},
  adsnote = {Provided by the SAO/NASA Astrophysics Data System}
}

%POKER
@ARTICLE{Ponthieu2011,
   author = {{Ponthieu}, N. and {Grain}, J. and {Lagache}, G.},
    title = "{POKER: estimating the power spectrum of diffuse emission with complex masks and at high angular resolution}",
  journal = {\aap},
archivePrefix = "arXiv",
   eprint = {1111.0766},
 primaryClass = "astro-ph.CO",
 keywords = {methods: numerical, cosmic background radiation, methods: data analysis, infrared: diffuse background, ISM: structure, submillimeter: diffuse background},
     year = 2011,
    month = nov,
   volume = 535,
      eid = {A90},
    pages = {A90},
      doi = {10.1051/0004-6361/201117098},
   adsurl = {http://adsabs.harvard.edu/abs/2011A%26A...535A..90P},
  adsnote = {Provided by the SAO/NASA Astrophysics Data System}
}

%CIB from radio sources
@ARTICLE{Hall2010,
   author = {{Hall}, N.~R. and {Keisler}, R. and {Knox}, L. and {Reichardt}, C.~L. and 
	{Ade}, P.~A.~R. and {Aird}, K.~A. and {Benson}, B.~A. and {Bleem}, L.~E. and 
	{Carlstrom}, J.~E. and {Chang}, C.~L. and {Cho}, H.-M. and {Crawford}, T.~M. and 
	{Crites}, A.~T. and {de Haan}, T. and {Dobbs}, M.~A. and {George}, E.~M. and 
	{Halverson}, N.~W. and {Holder}, G.~P. and {Holzapfel}, W.~L. and 
	{Hrubes}, J.~D. and {Joy}, M. and {Lee}, A.~T. and {Leitch}, E.~M. and 
	{Lueker}, M. and {McMahon}, J.~J. and {Mehl}, J. and {Meyer}, S.~S. and 
	{Mohr}, J.~J. and {Montroy}, T.~E. and {Padin}, S. and {Plagge}, T. and 
	{Pryke}, C. and {Ruhl}, J.~E. and {Schaffer}, K.~K. and {Shaw}, L. and 
	{Shirokoff}, E. and {Spieler}, H.~G. and {Stalder}, B. and {Staniszewski}, Z. and 
	{Stark}, A.~A. and {Switzer}, E.~R. and {Vanderlinde}, K. and 
	{Vieira}, J.~D. and {Williamson}, R. and {Zahn}, O.},
    title = "{Angular Power Spectra of the Millimeter-wavelength Background Light from Dusty Star-forming Galaxies with the South Pole Telescope}",
  journal = {\apj},
archivePrefix = "arXiv",
   eprint = {0912.4315},
 primaryClass = "astro-ph.CO",
 keywords = {cosmic background radiation, galaxies: abundances, large-scale structure of universe, submillimeter: diffuse background, submillimeter: galaxies},
     year = 2010,
    month = aug,
   volume = 718,
    pages = {632-646},
      doi = {10.1088/0004-637X/718/2/632},
   adsurl = {http://adsabs.harvard.edu/abs/2010ApJ...718..632H},
  adsnote = {Provided by the SAO/NASA Astrophysics Data System}
}

%CIB Planck
@ARTICLE{Planck2014XXX,
   author = {{Planck Collaboration} and {Ade}, P.~A.~R. and {Aghanim}, N. and 
	{Armitage-Caplan}, C. and {Arnaud}, M. and {Ashdown}, M. and 
	{Atrio-Barandela}, F. and {Aumont}, J. and {Baccigalupi}, C. and 
	{Banday}, A.~J. and et al.},
    title = "{Planck 2013 results. XXX. Cosmic infrared background measurements and implications for star formation}",
  journal = {\aap},
archivePrefix = "arXiv",
   eprint = {1309.0382},
 keywords = {cosmology: observations, large-scale structure of Universe, galaxies: star formation, infrared: diffuse background},
     year = 2014,
    month = nov,
   volume = 571,
      eid = {A30},
    pages = {A30},
      doi = {10.1051/0004-6361/201322093},
   adsurl = {http://adsabs.harvard.edu/abs/2014A%26A...571A..30P},
  adsnote = {Provided by the SAO/NASA Astrophysics Data System}
}

%Model CIB
@ARTICLE{Bethermin2012,
   author = {{B{\'e}thermin}, M. and {Daddi}, E. and {Magdis}, G. and {Sargent}, M.~T. and 
	{Hezaveh}, Y. and {Elbaz}, D. and {Le Borgne}, D. and {Mullaney}, J. and 
	{Pannella}, M. and {Buat}, V. and {Charmandaris}, V. and {Lagache}, G. and 
	{Scott}, D.},
    title = "{A Unified Empirical Model for Infrared Galaxy Counts Based on the Observed Physical Evolution of Distant Galaxies}",
  journal = {\apjl},
archivePrefix = "arXiv",
   eprint = {1208.6512},
 keywords = {galaxies: evolution, galaxies: star formation, galaxies: statistics, infrared: galaxies, submillimeter: galaxies},
     year = 2012,
    month = oct,
   volume = 757,
      eid = {L23},
    pages = {L23},
      doi = {10.1088/2041-8205/757/2/L23},
   adsurl = {http://adsabs.harvard.edu/abs/2012ApJ...757L..23B},
  adsnote = {Provided by the SAO/NASA Astrophysics Data System}
}

%Model CIB radio
@ARTICLE{Tucci2011,
   author = {{Tucci}, M. and {Toffolatti}, L. and {de Zotti}, G. and {Mart{\'{\i}}nez-Gonz{\'a}lez}, E.
	},
    title = "{High-frequency predictions for number counts and spectral properties of extragalactic radio sources. New evidence of a break at mm wavelengths in spectra of bright blazar sources}",
  journal = {\aap},
archivePrefix = "arXiv",
   eprint = {1103.5707},
 keywords = {galaxies: active, galaxies: statistics, radio continuum: galaxies, catalogs},
     year = 2011,
    month = sep,
   volume = 533,
      eid = {A57},
    pages = {A57},
      doi = {10.1051/0004-6361/201116972},
   adsurl = {http://adsabs.harvard.edu/abs/2011A%26A...533A..57T},
  adsnote = {Provided by the SAO/NASA Astrophysics Data System}
}

%CIB
@ARTICLE{Bethermin2013,
   author = {{B{\'e}thermin}, M. and {Wang}, L. and {Dor{\'e}}, O. and {Lagache}, G. and 
	{Sargent}, M. and {Daddi}, E. and {Cousin}, M. and {Aussel}, H.
	},
    title = "{The redshift evolution of the distribution of star formation among dark matter halos as seen in the infrared}",
  journal = {\aap},
archivePrefix = "arXiv",
   eprint = {1304.3936},
 keywords = {galaxies: star formation, galaxies: halos, galaxies: statistics, diffuse radiation, dark matter, submillimeter: galaxies},
     year = 2013,
    month = sep,
   volume = 557,
      eid = {A66},
    pages = {A66},
      doi = {10.1051/0004-6361/201321688},
   adsurl = {http://adsabs.harvard.edu/abs/2013A%26A...557A..66B},
  adsnote = {Provided by the SAO/NASA Astrophysics Data System}
}

%IR deficit towards clusters
@ARTICLE{Zemcov2013,
   author = {{Zemcov}, M. and {Blain}, A. and {Cooray}, A. and {B{\'e}thermin}, M. and 
	{Bock}, J. and {Clements}, D.~L. and {Conley}, A. and {Conversi}, L. and 
	{Dowell}, C.~D. and {Farrah}, D. and {Glenn}, J. and {Griffin}, M. and 
	{Halpern}, M. and {Jullo}, E. and {Kneib}, J.-P. and {Marsden}, G. and 
	{Nguyen}, H.~T. and {Oliver}, S.~J. and {Richard}, J. and {Roseboom}, I.~G. and 
	{Schulz}, B. and {Scott}, D. and {Shupe}, D.~L. and {Smith}, A.~J. and 
	{Valtchanov}, I. and {Viero}, M. and {Wang}, L. and {Wardlow}, J.
	},
    title = "{HerMES: A Deficit in the Surface Brightness of the Cosmic Infrared Background due to Galaxy Cluster Gravitational Lensing}",
  journal = {\apjl},
archivePrefix = "arXiv",
   eprint = {1303.6725},
 keywords = {cosmic background radiation},
     year = 2013,
    month = jun,
   volume = 769,
      eid = {L31},
    pages = {L31},
      doi = {10.1088/2041-8205/769/2/L31},
   adsurl = {http://adsabs.harvard.edu/abs/2013ApJ...769L..31Z},
  adsnote = {Provided by the SAO/NASA Astrophysics Data System}
}

%Pardo model
@ARTICLE{Pardo2001,
   author = {{Pardo}, J.~R. and {Cernicharo}, J. and {Serabyn}, E.},
    title = "{Atmospheric transmission at microwaves (ATM): an improved model for millimeter/submillimeter applications}",
  journal = {IEEE Transactions on Antennas and Propagation},
     year = 2001,
    month = dec,
   volume = 49,
    pages = {1683-1694},
      doi = {10.1109/8.982447},
   adsurl = {http://adsabs.harvard.edu/abs/2001ITAP...49.1683P},
  adsnote = {Provided by the SAO/NASA Astrophysics Data System}
}

%NVSS
@ARTICLE{Condon1998,
   author = {{Condon}, J.~J. and {Cotton}, W.~D. and {Greisen}, E.~W. and 
	{Yin}, Q.~F. and {Perley}, R.~A. and {Taylor}, G.~B. and {Broderick}, J.~J.
	},
    title = "{The NRAO VLA Sky Survey}",
  journal = {\aj},
 keywords = {CATALOGS, METHODS: DATA ANALYSIS, METHODS: OBSERVATIONAL, RADIO CONTINUUM, SURVEYS},
     year = 1998,
    month = may,
   volume = 115,
    pages = {1693-1716},
      doi = {10.1086/300337},
   adsurl = {http://adsabs.harvard.edu/abs/1998AJ....115.1693C},
  adsnote = {Provided by the SAO/NASA Astrophysics Data System}
}

%FIRST
@ARTICLE{Becker1995,
   author = {{Becker}, R.~H. and {White}, R.~L. and {Helfand}, D.~J.},
    title = "{The FIRST Survey: Faint Images of the Radio Sky at Twenty Centimeters}",
  journal = {\apj},
 keywords = {RADIO CONTINUUM: GENERAL, SURVEYS},
     year = 1995,
    month = sep,
   volume = 450,
    pages = {559},
      doi = {10.1086/176166},
   adsurl = {http://adsabs.harvard.edu/abs/1995ApJ...450..559B},
  adsnote = {Provided by the SAO/NASA Astrophysics Data System}
}

%Steepening radio
@ARTICLE{Scheuer1968,
   author = {{Scheuer}, P.~A.~G. and {Williams}, P.~J.~S.},
    title = "{Radio Spectra}",
  journal = {\araa},
     year = 1968,
   volume = 6,
    pages = {321},
      doi = {10.1146/annurev.aa.06.090168.001541},
   adsurl = {http://adsabs.harvard.edu/abs/1968ARA%26A...6..321S},
  adsnote = {Provided by the SAO/NASA Astrophysics Data System}
}

%SPIRE technical paper
@ARTICLE{Griffin2010,
   author = {{Griffin}, M.~J. and {Abergel}, A. and {Abreu}, A. and {Ade}, P.~A.~R. and 
	{Andr{\'e}}, P. and {Augueres}, J.-L. and {Babbedge}, T. and 
	{Bae}, Y. and {Baillie}, T. and {Baluteau}, J.-P. and {Barlow}, M.~J. and 
	{Bendo}, G. and {Benielli}, D. and {Bock}, J.~J. and {Bonhomme}, P. and 
	{Brisbin}, D. and {Brockley-Blatt}, C. and {Caldwell}, M. and 
	{Cara}, C. and {Castro-Rodriguez}, N. and {Cerulli}, R. and 
	{Chanial}, P. and {Chen}, S. and {Clark}, E. and {Clements}, D.~L. and 
	{Clerc}, L. and {Coker}, J. and {Communal}, D. and {Conversi}, L. and 
	{Cox}, P. and {Crumb}, D. and {Cunningham}, C. and {Daly}, F. and 
	{Davis}, G.~R. and {de Antoni}, P. and {Delderfield}, J. and 
	{Devin}, N. and {di Giorgio}, A. and {Didschuns}, I. and {Dohlen}, K. and 
	{Donati}, M. and {Dowell}, A. and {Dowell}, C.~D. and {Duband}, L. and 
	{Dumaye}, L. and {Emery}, R.~J. and {Ferlet}, M. and {Ferrand}, D. and 
	{Fontignie}, J. and {Fox}, M. and {Franceschini}, A. and {Frerking}, M. and 
	{Fulton}, T. and {Garcia}, J. and {Gastaud}, R. and {Gear}, W.~K. and 
	{Glenn}, J. and {Goizel}, A. and {Griffin}, D.~K. and {Grundy}, T. and 
	{Guest}, S. and {Guillemet}, L. and {Hargrave}, P.~C. and {Harwit}, M. and 
	{Hastings}, P. and {Hatziminaoglou}, E. and {Herman}, M. and 
	{Hinde}, B. and {Hristov}, V. and {Huang}, M. and {Imhof}, P. and 
	{Isaak}, K.~J. and {Israelsson}, U. and {Ivison}, R.~J. and 
	{Jennings}, D. and {Kiernan}, B. and {King}, K.~J. and {Lange}, A.~E. and 
	{Latter}, W. and {Laurent}, G. and {Laurent}, P. and {Leeks}, S.~J. and 
	{Lellouch}, E. and {Levenson}, L. and {Li}, B. and {Li}, J. and 
	{Lilienthal}, J. and {Lim}, T. and {Liu}, S.~J. and {Lu}, N. and 
	{Madden}, S. and {Mainetti}, G. and {Marliani}, P. and {McKay}, D. and 
	{Mercier}, K. and {Molinari}, S. and {Morris}, H. and {Moseley}, H. and 
	{Mulder}, J. and {Mur}, M. and {Naylor}, D.~A. and {Nguyen}, H. and 
	{O'Halloran}, B. and {Oliver}, S. and {Olofsson}, G. and {Olofsson}, H.-G. and 
	{Orfei}, R. and {Page}, M.~J. and {Pain}, I. and {Panuzzo}, P. and 
	{Papageorgiou}, A. and {Parks}, G. and {Parr-Burman}, P. and 
	{Pearce}, A. and {Pearson}, C. and {P{\'e}rez-Fournon}, I. and 
	{Pinsard}, F. and {Pisano}, G. and {Podosek}, J. and {Pohlen}, M. and 
	{Polehampton}, E.~T. and {Pouliquen}, D. and {Rigopoulou}, D. and 
	{Rizzo}, D. and {Roseboom}, I.~G. and {Roussel}, H. and {Rowan-Robinson}, M. and 
	{Rownd}, B. and {Saraceno}, P. and {Sauvage}, M. and {Savage}, R. and 
	{Savini}, G. and {Sawyer}, E. and {Scharmberg}, C. and {Schmitt}, D. and 
	{Schneider}, N. and {Schulz}, B. and {Schwartz}, A. and {Shafer}, R. and 
	{Shupe}, D.~L. and {Sibthorpe}, B. and {Sidher}, S. and {Smith}, A. and 
	{Smith}, A.~J. and {Smith}, D. and {Spencer}, L. and {Stobie}, B. and 
	{Sudiwala}, R. and {Sukhatme}, K. and {Surace}, C. and {Stevens}, J.~A. and 
	{Swinyard}, B.~M. and {Trichas}, M. and {Tourette}, T. and {Triou}, H. and 
	{Tseng}, S. and {Tucker}, C. and {Turner}, A. and {Vaccari}, M. and 
	{Valtchanov}, I. and {Vigroux}, L. and {Virique}, E. and {Voellmer}, G. and 
	{Walker}, H. and {Ward}, R. and {Waskett}, T. and {Weilert}, M. and 
	{Wesson}, R. and {White}, G.~J. and {Whitehouse}, N. and {Wilson}, C.~D. and 
	{Winter}, B. and {Woodcraft}, A.~L. and {Wright}, G.~S. and 
	{Xu}, C.~K. and {Zavagno}, A. and {Zemcov}, M. and {Zhang}, L. and 
	{Zonca}, E.},
    title = "{The Herschel-SPIRE instrument and its in-flight performance}",
  journal = {\aap},
archivePrefix = "arXiv",
   eprint = {1005.5123},
 primaryClass = "astro-ph.IM",
 keywords = {instrumentation: photometers, instrumentation: spectrographs, space vehicles: instruments, submillimeter: general},
     year = 2010,
    month = jul,
   volume = 518,
      eid = {L3},
    pages = {L3},
      doi = {10.1051/0004-6361/201014519},
   adsurl = {http://adsabs.harvard.edu/abs/2010A%26A...518L...3G},
  adsnote = {Provided by the SAO/NASA Astrophysics Data System}
}

%Dust in CG
@ARTICLE{Montier2005,
   author = {{Montier}, L.~A. and {Giard}, M.},
    title = "{Dust emission from clusters of galaxies: statistical detection}",
  journal = {\aap},
 keywords = {intergalactic medium, galaxies: clusters: general, infrared: stars},
     year = 2005,
    month = aug,
   volume = 439,
    pages = {35-44},
      doi = {10.1051/0004-6361:20042388},
   adsurl = {http://adsabs.harvard.edu/abs/2005A%26A...439...35M},
  adsnote = {Provided by the SAO/NASA Astrophysics Data System}
}

%Planck dust in clusters
@ARTICLE{Planck2016XLIII,
   author = {{Planck Collaboration} and {Adam}, R. and {Ade}, P.~A.~R. and 
	{Aghanim}, N. and {Ashdown}, M. and {Aumont}, J. and {Baccigalupi}, C. and 
	{Barreiro}, R.~B. and {Bartolo}, N. and {Battaner}, E. and {Benabed}, K. and 
	{Benoit-L{\'e}vy}, A. and {Bersanelli}, M. and {Bielewicz}, P. and 
	{Bikmaev}, I. and {Bonaldi}, A. and {Bond}, J.~R. and {Borrill}, J. and 
	{Bouchet}, F.~R. and {Burenin}, R. and {Burigana}, C. and {Calabrese}, E. and 
	{Cardoso}, J.-F. and {Catalano}, A. and {Chiang}, H.~C. and 
	{Christensen}, P.~R. and {Churazov}, E. and {Colombo}, L.~P.~L. and 
	{Combet}, C. and {Comis}, B. and {Couchot}, F. and {Crill}, B.~P. and 
	{Curto}, A. and {Cuttaia}, F. and {Danese}, L. and {Davis}, R.~J. and 
	{de Bernardis}, P. and {de Rosa}, A. and {de Zotti}, G. and 
	{Delabrouille}, J. and {D{\'e}sert}, F.-X. and {Diego}, J.~M. and 
	{Dole}, H. and {Dor{\'e}}, O. and {Douspis}, M. and {Ducout}, A. and 
	{Dupac}, X. and {Elsner}, F. and {En{\ss}lin}, T.~A. and {Finelli}, F. and 
	{Forni}, O. and {Frailis}, M. and {Fraisse}, A.~A. and {Franceschi}, E. and 
	{Galeotta}, S. and {Ganga}, K. and {G{\'e}nova-Santos}, R.~T. and 
	{Giard}, M. and {Giraud-H{\'e}raud}, Y. and {Gjerl{\o}w}, E. and 
	{Gonz{\'a}lez-Nuevo}, J. and {Gregorio}, A. and {Gruppuso}, A. and 
	{Gudmundsson}, J.~E. and {Hansen}, F.~K. and {Harrison}, D.~L. and 
	{Hern{\'a}ndez-Monteagudo}, C. and {Herranz}, D. and {Hildebrandt}, S.~R. and 
	{Hivon}, E. and {Hobson}, M. and {Hornstrup}, A. and {Hovest}, W. and 
	{Hurier}, G. and {Jaffe}, A.~H. and {Jaffe}, T.~R. and {Jones}, W.~C. and 
	{Keih{\"a}nen}, E. and {Keskitalo}, R. and {Khamitov}, I. and 
	{Kisner}, T.~S. and {Kneissl}, R. and {Knoche}, J. and {Kunz}, M. and 
	{Kurki-Suonio}, H. and {Lagache}, G. and {L{\"a}hteenm{\"a}ki}, A. and 
	{Lamarre}, J.-M. and {Lasenby}, A. and {Lattanzi}, M. and {Lawrence}, C.~R. and 
	{Leonardi}, R. and {Levrier}, F. and {Liguori}, M. and {Lilje}, P.~B. and 
	{Linden-V{\o}rnle}, M. and {L{\'o}pez-Caniego}, M. and {Mac{\'{\i}}as-P{\'e}rez}, J.~F. and 
	{Maffei}, B. and {Maggio}, G. and {Mandolesi}, N. and {Mangilli}, A. and 
	{Maris}, M. and {Martin}, P.~G. and {Mart{\'{\i}}nez-Gonz{\'a}lez}, E. and 
	{Masi}, S. and {Matarrese}, S. and {Melchiorri}, A. and {Mennella}, A. and 
	{Migliaccio}, M. and {Miville-Desch{\^e}nes}, M.-A. and {Moneti}, A. and 
	{Montier}, L. and {Morgante}, G. and {Mortlock}, D. and {Munshi}, D. and 
	{Murphy}, J.~A. and {Naselsky}, P. and {Nati}, F. and {Natoli}, P. and 
	{N{\o}rgaard-Nielsen}, H.~U. and {Novikov}, D. and {Novikov}, I. and 
	{Oxborrow}, C.~A. and {Pagano}, L. and {Pajot}, F. and {Paoletti}, D. and 
	{Pasian}, F. and {Perdereau}, O. and {Perotto}, L. and {Pettorino}, V. and 
	{Piacentini}, F. and {Piat}, M. and {Plaszczynski}, S. and {Pointecouteau}, E. and 
	{Polenta}, G. and {Ponthieu}, N. and {Pratt}, G.~W. and {Prunet}, S. and 
	{Puget}, J.-L. and {Rachen}, J.~P. and {Rebolo}, R. and {Reinecke}, M. and 
	{Remazeilles}, M. and {Renault}, C. and {Renzi}, A. and {Ristorcelli}, I. and 
	{Rocha}, G. and {Rosset}, C. and {Rossetti}, M. and {Roudier}, G. and 
	{Rubi{\~n}o-Mart{\'{\i}}n}, J.~A. and {Rusholme}, B. and {Santos}, D. and 
	{Savelainen}, M. and {Savini}, G. and {Scott}, D. and {Stolyarov}, V. and 
	{Stompor}, R. and {Sudiwala}, R. and {Sunyaev}, R. and {Sutton}, D. and 
	{Suur-Uski}, A.-S. and {Sygnet}, J.-F. and {Tauber}, J.~A. and 
	{Terenzi}, L. and {Toffolatti}, L. and {Tomasi}, M. and {Tristram}, M. and 
	{Tucci}, M. and {Valenziano}, L. and {Valiviita}, J. and {Van Tent}, F. and 
	{Vielva}, P. and {Villa}, F. and {Wade}, L.~A. and {Wehus}, I.~K. and 
	{Yvon}, D. and {Zacchei}, A. and {Zonca}, A.},
    title = "{Planck intermediate results. XLIII. The spectral energy distribution of dust in clusters of galaxies}",
  journal = {ArXiv e-prints},
archivePrefix = "arXiv",
   eprint = {1603.04919},
 keywords = {Astrophysics - Cosmology and Nongalactic Astrophysics},
     year = 2016,
    month = mar,
   adsurl = {http://adsabs.harvard.edu/abs/2016arXiv160304919P},
  adsnote = {Provided by the SAO/NASA Astrophysics Data System}
}

%Dust origin in clusters
@ARTICLE{Coppin2011,
   author = {{Coppin}, K.~E.~K. and {Geach}, J.~E. and {Smail}, I. and {Dunne}, L. and 
	{Edge}, A.~C. and {Ivison}, R.~J. and {Maddox}, S. and {Auld}, R. and 
	{Baes}, M. and {Buttiglione}, S. and {Cava}, A. and {Clements}, D.~L. and 
	{Cooray}, A. and {Dariush}, A. and {de Zotti}, G. and {Dye}, S. and 
	{Eales}, S. and {Fritz}, J. and {Hopwood}, R. and {Ibar}, E. and 
	{Jarvis}, M. and {Micha{\l}owski}, M.~J. and {Murphy}, D.~N.~A. and 
	{Negrello}, M. and {Pascale}, E. and {Pohlen}, M. and {Rigby}, E. and 
	{Rodighiero}, G. and {Scott}, D. and {Serjeant}, S. and {Smith}, D.~J.~B. and 
	{Temi}, P. and {van der Werf}, P.},
    title = "{Herschel-Astrophysical Terahertz Large Area Survey: detection of a far-infrared population around galaxy clusters}",
  journal = {\mnras},
archivePrefix = "arXiv",
   eprint = {1105.3199},
 keywords = {gravitational lensing: strong, galaxies: clusters: general, galaxies: evolution, galaxies: starburst, submillimetre: galaxies},
     year = 2011,
    month = sep,
   volume = 416,
    pages = {680-688},
      doi = {10.1111/j.1365-2966.2011.19084.x},
   adsurl = {http://adsabs.harvard.edu/abs/2011MNRAS.416..680C},
  adsnote = {Provided by the SAO/NASA Astrophysics Data System}
}

%Cavaliere
@ARTICLE{Cavaliere1978,
   author = {{Cavaliere}, A. and {Fusco-Femiano}, R.},
    title = "{The Distribution of Hot Gas in Clusters of Galaxies}",
  journal = {\aap},
     year = 1978,
    month = nov,
   volume = 70,
    pages = {677},
   adsurl = {http://adsabs.harvard.edu/abs/1978A%26A....70..677C},
  adsnote = {Provided by the SAO/NASA Astrophysics Data System}
}

%Simu tSZ/kSZ
@ARTICLE{Ruan2013,
   author = {{Ruan}, J.~J. and {Quinn}, T.~R. and {Babul}, A.},
    title = "{The observable thermal and kinetic Sunyaev-Zel'dovich effect in merging galaxy clusters}",
  journal = {\mnras},
archivePrefix = "arXiv",
   eprint = {1304.6088},
 keywords = {galaxies: clusters: general},
     year = 2013,
    month = jul,
   volume = 432,
    pages = {3508-3519},
      doi = {10.1093/mnras/stt701},
   adsurl = {http://adsabs.harvard.edu/abs/2013MNRAS.432.3508R},
  adsnote = {Provided by the SAO/NASA Astrophysics Data System}
}

%Metropolis Hasting
@article{Chib1995,
  author = {Chib, Siddhartha and Greenberg, Edward},
  journal = {The American Statistician},
  keywords = {bayes kalmanfilter mcmc metropolishastings statistics uncertainty},
  month = Nov,
  number = 4,
  pages = {327-335},
  timestamp = {2008-08-19T15:04:38.000+0200},
  title = {Understanding the Metropolis-Hastings Algorithm},
  url = {http://www.jstor.org/stable/2684568},
  volume = 49,
  year = 1995
}

%Convergence MCMC
@Article{Gelman1992,
 author = "A. Gelman and D. B. Rubin",
 title = "Inference from iterative simulation using multiple sequences",
 journal = "Statistical Science",
 volume = "7",
 pages = "457-511",
 year = "1992"
 }
 
 %Planck catalog PSZ2
@ARTICLE{Planck2015XXVII,
   author = {{Planck Collaboration} and {Ade}, P.~A.~R. and {Aghanim}, N. and 
	{Arnaud}, M. and {Ashdown}, M. and {Aumont}, J. and {Baccigalupi}, C. and 
	{Banday}, A.~J. and {Barreiro}, R.~B. and {Barrena}, R. and et al.},
    title = "{Planck 2015 results. XXVII. The Second Planck Catalogue of Sunyaev-Zeldovich Sources}",
  journal = {ArXiv e-prints},
archivePrefix = "arXiv",
   eprint = {1502.01598},
 keywords = {Astrophysics - Cosmology and Nongalactic Astrophysics},
     year = 2015,
    month = feb,
   adsurl = {http://adsabs.harvard.edu/abs/2015arXiv150201598P},
  adsnote = {Provided by the SAO/NASA Astrophysics Data System}
}

%%%%%% Xray papers
%solar charge wind exchange 	
@article{snowden2004,
  author={S. L. Snowden and M. R. Collier and K. D. Kuntz},
  title={XMM-Newton Observation of Solar Wind Charge Exchange Emission},
  journal={The Astrophysical Journal},
  volume={610},
  number={2},
  pages={1182},
  url={http://stacks.iop.org/0004-637X/610/i=2/a=1182},
  year={2004}
}
	
%Herve pipeline
@ARTICLE{bourdin2008,
   author = {{Bourdin}, H. and {Mazzotta}, P.},
    title = "{Temperature structure of the intergalactic medium within seven nearby and bright clusters of galaxies observed with XMM-Newton}",
  journal = {\aap},
archivePrefix = "arXiv",
   eprint = {0802.1866},
 keywords = {galaxies: clusters: general, galaxies: intergalactic, medium, X-rays: galaxies: clusters, techniques: image, processing, techniques: spectroscopic},
     year = 2008,
    month = feb,
   volume = 479,
    pages = {307-320},
      doi = {10.1051/0004-6361:20065758},
   adsurl = {http://adsabs.harvard.edu/abs/2008A%26A...479..307B},
  adsnote = {Provided by the SAO/NASA Astrophysics Data System}
}

%Herve kt Map
@ARTICLE{bourdin2004,
   author = {{Bourdin}, H. and {Sauvageot}, J.-L. and {Slezak}, E. and {Bijaoui}, A. and 
	{Teyssier}, R.},
    title = "{Temperature map computation for X-ray clusters of galaxies}",
  journal = {\aap},
 keywords = {galaxies: clusters: general, galaxies: interactions},
     year = 2004,
    month = feb,
   volume = 414,
    pages = {429-443},
      doi = {10.1051/0004-6361:20031662},
   adsurl = {http://adsabs.harvard.edu/abs/2004A%26A...414..429B},
  adsnote = {Provided by the SAO/NASA Astrophysics Data System}
}

%pratt cleaning
@ARTICLE{pratt2007,
   author = {{Pratt}, G.~W. and {B{\"o}hringer}, H. and {Croston}, J.~H. and 
	{Arnaud}, M. and {Borgani}, S. and {Finoguenov}, A. and {Temple}, R.~F.
	},
    title = "{Temperature profiles of a representative sample of nearby X-ray galaxy clusters}",
  journal = {\aap},
   eprint = {astro-ph/0609480},
 keywords = {X-rays: galaxies: clusters, galaxies: clusters: general, intergalactic medium, cosmology: observations},
     year = 2007,
    month = jan,
   volume = 461,
    pages = {71-80},
      doi = {10.1051/0004-6361:20065676},
   adsurl = {http://adsabs.harvard.edu/abs/2007A%26A...461...71P},
  adsnote = {Provided by the SAO/NASA Astrophysics Data System}
}

%acis instrument
@INPROCEEDINGS{garmire2003,
   author = {{Garmire}, G.~P. and {Bautz}, M.~W. and {Ford}, P.~G. and {Nousek}, J.~A. and 
	{Ricker}, Jr., G.~R.},
    title = "{Advanced CCD imaging spectrometer (ACIS) instrument on the Chandra X-ray Observatory}",
booktitle = {X-Ray and Gamma-Ray Telescopes and Instruments for Astronomy.},
     year = 2003,
   series = {\procspie},
   volume = 4851,
   editor = {{Truemper}, J.~E. and {Tananbaum}, H.~D.},
    month = mar,
    pages = {28-44},
      doi = {10.1117/12.461599},
   adsurl = {http://adsabs.harvard.edu/abs/2003SPIE.4851...28G},
  adsnote = {Provided by the SAO/NASA Astrophysics Data System}
}

%wavdetect paper
@ARTICLE{freeman2002,
   author = {{Freeman}, P.~E. and {Kashyap}, V. and {Rosner}, R. and {Lamb}, D.~Q.
	},
    title = "{A Wavelet-Based Algorithm for the Spatial Analysis of Poisson Data}",
  journal = {\apjs},
   eprint = {astro-ph/0108429},
 keywords = {Methods: Data Analysis, Techniques: Image Processing, X-Rays: General},
     year = 2002,
    month = jan,
   volume = 138,
    pages = {185-218},
      doi = {10.1086/324017},
   adsurl = {http://adsabs.harvard.edu/abs/2002ApJS..138..185F},
  adsnote = {Provided by the SAO/NASA Astrophysics Data System}
}

%chandra particle model
@ARTICLE{bartalucci2014,
   author = {{Bartalucci}, I. and {Mazzotta}, P. and {Bourdin}, H. and {Vikhlinin}, A.
	},
    title = "{Chandra ACIS-I particle background: an analytical model}",
  journal = {\aap},
archivePrefix = "arXiv",
   eprint = {1404.3587},
 primaryClass = "astro-ph.IM",
 keywords = {methods: data analysis, instrumentation: detectors, X-rays: general},
     year = 2014,
    month = jun,
   volume = 566,
      eid = {A25},
    pages = {A25},
      doi = {10.1051/0004-6361/201423443},
   adsurl = {http://adsabs.harvard.edu/abs/2014A%26A...566A..25B},
  adsnote = {Provided by the SAO/NASA Astrophysics Data System}
}

%nh survey
@ARTICLE{kalberla2005,
   author = {{Kalberla}, P.~M.~W. and {Burton}, W.~B. and {Hartmann}, D. and 
	{Arnal}, E.~M. and {Bajaja}, E. and {Morras}, R. and {P{\"o}ppel}, W.~G.~L.
	},
    title = "{The Leiden/Argentine/Bonn (LAB) Survey of Galactic HI. Final data release of the combined LDS and IAR surveys with improved stray-radiation corrections}",
  journal = {\aap},
   eprint = {astro-ph/0504140},
 keywords = {surveys, radio lines: ISM, Galaxy: structure},
     year = 2005,
    month = sep,
   volume = 440,
    pages = {775-782},
      doi = {10.1051/0004-6361:20041864},
   adsurl = {http://adsabs.harvard.edu/abs/2005A%26A...440..775K},
  adsnote = {Provided by the SAO/NASA Astrophysics Data System}
}

%temperature map paper
@ARTICLE{bourdin2013,
   author = {{Bourdin}, H. and {Mazzotta}, P. and {Markevitch}, M. and {Giacintucci}, S. and 
	{Brunetti}, G.},
    title = "{Shock Heating of the Merging Galaxy Cluster A521}",
  journal = {\apj},
archivePrefix = "arXiv",
   eprint = {1302.0696},
 primaryClass = "astro-ph.CO",
 keywords = {galaxies: clusters: general, galaxies: clusters: individual: A521, galaxies: clusters: intracluster medium, shock waves },
     year = 2013,
    month = feb,
   volume = 764,
      eid = {82},
    pages = {82},
      doi = {10.1088/0004-637X/764/1/82},
   adsurl = {http://adsabs.harvard.edu/abs/2013ApJ...764...82B},
  adsnote = {Provided by the SAO/NASA Astrophysics Data System}
}

%cxb model
@ARTICLE{lumb2002,
   author = {{Lumb}, D.~H. and {Warwick}, R.~S. and {Page}, M. and {De Luca}, A.
	},
    title = "{X-ray background measurements with XMM-Newton EPIC}",
  journal = {\aap},
   eprint = {astro-ph/0204147},
 keywords = {instrumentation: detectors, X-rays: diffuse background, surveys},
     year = 2002,
    month = jul,
   volume = 389,
    pages = {93-105},
      doi = {10.1051/0004-6361:20020531},
   adsurl = {http://adsabs.harvard.edu/abs/2002A%26A...389...93L},
  adsnote = {Provided by the SAO/NASA Astrophysics Data System}
}

%Galactic background
@ARTICLE{kuntz2000,
   author = {{Kuntz}, K.~D. and {Snowden}, S.~L.},
    title = "{Deconstructing the Spectrum of the Soft X-Ray Background}",
  journal = {\apj},
 keywords = {Galaxy: General, ISM: General, X-Rays: Galaxies, X-Rays: General},
     year = 2000,
    month = nov,
   volume = 543,
    pages = {195-215},
      doi = {10.1086/317071},
   adsurl = {http://adsabs.harvard.edu/abs/2000ApJ...543..195K},
  adsnote = {Provided by the SAO/NASA Astrophysics Data System}
}

%Chandra Vs XMM
@ARTICLE{schellenberger2015,
   author = {{Schellenberger}, G. and {Reiprich}, T.~H. and {Lovisari}, L. and 
	{Nevalainen}, J. and {David}, L.},
    title = "{XMM-Newton and Chandra cross-calibration using HIFLUGCS galaxy clusters . Systematic temperature differences and cosmological impact}",
  journal = {\aap},
archivePrefix = "arXiv",
   eprint = {1404.7130},
 keywords = {X-rays: galaxies: clusters, instrumentation: miscellaneous, galaxies: clusters: intracluster medium, techniques: spectroscopic},
     year = 2015,
    month = mar,
   volume = 575,
      eid = {A30},
    pages = {A30},
      doi = {10.1051/0004-6361/201424085},
   adsurl = {http://adsabs.harvard.edu/abs/2015A%26A...575A..30S},
  adsnote = {Provided by the SAO/NASA Astrophysics Data System}
}

%pn paper
@ARTICLE{struder2001,
   author = {{Str{\"u}der}, L. and {Briel}, U. and {Dennerl}, K. and {Hartmann}, R. and 
	{Kendziorra}, E. and {Meidinger}, N. and {Pfeffermann}, E. and 
	{Reppin}, C. and {Aschenbach}, B. and {Bornemann}, W. and {Br{\"a}uninger}, H. and 
	{Burkert}, W. and {Elender}, M. and {Freyberg}, M. and {Haberl}, F. and 
	{Hartner}, G. and {Heuschmann}, F. and {Hippmann}, H. and {Kastelic}, E. and 
	{Kemmer}, S. and {Kettenring}, G. and {Kink}, W. and {Krause}, N. and 
	{M{\"u}ller}, S. and {Oppitz}, A. and {Pietsch}, W. and {Popp}, M. and 
	{Predehl}, P. and {Read}, A. and {Stephan}, K.~H. and {St{\"o}tter}, D. and 
	{Tr{\"u}mper}, J. and {Holl}, P. and {Kemmer}, J. and {Soltau}, H. and 
	{St{\"o}tter}, R. and {Weber}, U. and {Weichert}, U. and {von Zanthier}, C. and 
	{Carathanassis}, D. and {Lutz}, G. and {Richter}, R.~H. and 
	{Solc}, P. and {B{\"o}ttcher}, H. and {Kuster}, M. and {Staubert}, R. and 
	{Abbey}, A. and {Holland}, A. and {Turner}, M. and {Balasini}, M. and 
	{Bignami}, G.~F. and {La Palombara}, N. and {Villa}, G. and 
	{Buttler}, W. and {Gianini}, F. and {Lain{\'e}}, R. and {Lumb}, D. and 
	{Dhez}, P.},
    title = "{The European Photon Imaging Camera on XMM-Newton: The pn-CCD camera}",
  journal = {\aap},
 keywords = {XMM-NEWTON, BACK ILLUMINATED PN-CCDS, RADIATION HARDNESS, ENERGY RESOLUTION, QUANTUM EFFICIENCY, PARTICLE AND FLOURESCENCE BACKGROUND},
     year = 2001,
    month = jan,
   volume = 365,
    pages = {L18-L26},
      doi = {10.1051/0004-6361:20000066},
   adsurl = {http://adsabs.harvard.edu/abs/2001A%26A...365L..18S},
  adsnote = {Provided by the SAO/NASA Astrophysics Data System}
}

%mos paper
@ARTICLE{turner2001,
   author = {{Turner}, M.~J.~L. and {Abbey}, A. and {Arnaud}, M. and {Balasini}, M. and 
	{Barbera}, M. and {Belsole}, E. and {Bennie}, P.~J. and {Bernard}, J.~P. and 
	{Bignami}, G.~F. and {Boer}, M. and {Briel}, U. and {Butler}, I. and 
	{Cara}, C. and {Chabaud}, C. and {Cole}, R. and {Collura}, A. and 
	{Conte}, M. and {Cros}, A. and {Denby}, M. and {Dhez}, P. and 
	{Di Coco}, G. and {Dowson}, J. and {Ferrando}, P. and {Ghizzardi}, S. and 
	{Gianotti}, F. and {Goodall}, C.~V. and {Gretton}, L. and {Griffiths}, R.~G. and 
	{Hainaut}, O. and {Hochedez}, J.~F. and {Holland}, A.~D. and 
	{Jourdain}, E. and {Kendziorra}, E. and {Lagostina}, A. and 
	{Laine}, R. and {La Palombara}, N. and {Lortholary}, M. and 
	{Lumb}, D. and {Marty}, P. and {Molendi}, S. and {Pigot}, C. and 
	{Poindron}, E. and {Pounds}, K.~A. and {Reeves}, J.~N. and {Reppin}, C. and 
	{Rothenflug}, R. and {Salvetat}, P. and {Sauvageot}, J.~L. and 
	{Schmitt}, D. and {Sembay}, S. and {Short}, A.~D.~T. and {Spragg}, J. and 
	{Stephen}, J. and {Str{\"u}der}, L. and {Tiengo}, A. and {Trifoglio}, M. and 
	{Tr{\"u}mper}, J. and {Vercellone}, S. and {Vigroux}, L. and 
	{Villa}, G. and {Ward}, M.~J. and {Whitehead}, S. and {Zonca}, E.
	},
    title = "{The European Photon Imaging Camera on XMM-Newton: The MOS cameras : The MOS cameras}",
  journal = {\aap},
   eprint = {astro-ph/0011498},
 keywords = {INSTRUMENTATION: DETECTORS, X-RAYS: GENERAL},
     year = 2001,
    month = jan,
   volume = 365,
    pages = {L27-L35},
      doi = {10.1051/0004-6361:20000087},
   adsurl = {http://adsabs.harvard.edu/abs/2001A%26A...365L..27T},
  adsnote = {Provided by the SAO/NASA Astrophysics Data System}
}

%APEC paper
@ARTICLE{smith2001,
   author = {{Smith}, R.~K. and {Brickhouse}, N.~S. and {Liedahl}, D.~A. and 
	{Raymond}, J.~C.},
    title = "{Collisional Plasma Models with APEC/APED: Emission-Line Diagnostics of Hydrogen-like and Helium-like Ions}",
  journal = {\apjl},
   eprint = {astro-ph/0106478},
 keywords = {Atomic Data, Atomic Processes, Plasmas, Radiation Mechanisms: Thermal, X-Rays: General},
     year = 2001,
    month = aug,
   volume = 556,
    pages = {L91-L95},
      doi = {10.1086/322992},
   adsurl = {http://adsabs.harvard.edu/abs/2001ApJ...556L..91S},
  adsnote = {Provided by the SAO/NASA Astrophysics Data System}
}

%Temperature extraction
@ARTICLE{wang2016,
   author = {{Wang}, Q. and {Markevitch}, M. and {Giacintucci}, S.},
    title = "{The merging galaxy cluster A520 --- a broken-up cool core, a dark subcluster, and an X-ray channel}",
  journal = {ArXiv e-prints},
archivePrefix = "arXiv",
   eprint = {1603.05232},
 keywords = {Astrophysics - Cosmology and Nongalactic Astrophysics, Astrophysics - Astrophysics of Galaxies, Astrophysics - High Energy Astrophysical Phenomena},
     year = 2016,
    month = mar,
   adsurl = {http://adsabs.harvard.edu/abs/2016arXiv160305232W},
  adsnote = {Provided by the SAO/NASA Astrophysics Data System}
}

%Difference in Tx CXO-XMM
@ARTICLE{martino2014,
   author = {{Martino}, R. and {Mazzotta}, P. and {Bourdin}, H. and {Smith}, G.~P. and 
	{Bartalucci}, I. and {Marrone}, D.~P. and {Finoguenov}, A. and 
	{Okabe}, N.},
    title = "{LoCuSS: hydrostatic mass measurements of the high-L$_{X}$ cluster sample - cross-calibration of Chandra and XMM-Newton}",
  journal = {\mnras},
archivePrefix = "arXiv",
   eprint = {1406.6831},
 keywords = {galaxies: clusters: general, cosmology: observations, X-rays: galaxies: clusters},
     year = 2014,
    month = sep,
   volume = 443,
    pages = {2342-2360},
      doi = {10.1093/mnras/stu1267},
   adsurl = {http://adsabs.harvard.edu/abs/2014MNRAS.443.2342M},
  adsnote = {Provided by the SAO/NASA Astrophysics Data System}
}

%rms vpec
@ARTICLE{Monteagudo2010,
   author = {{Hern{\'a}ndez-Monteagudo}, C. and {Sunyaev}, R.~A.},
    title = "{Galaxy clusters as mirrors of the distant Universe. Implications of the blurring term for the kSZ and ISW effects}",
  journal = {\aap},
archivePrefix = "arXiv",
   eprint = {0905.3001},
 keywords = {cosmic microwave background, large-scale structure of Universe},
     year = 2010,
    month = jan,
   volume = 509,
      eid = {A82},
    pages = {A82},
      doi = {10.1051/0004-6361/200912525},
   adsurl = {http://adsabs.harvard.edu/abs/2010A%26A...509A..82H},
  adsnote = {Provided by the SAO/NASA Astrophysics Data System}
}

%Merger physics
@INPROCEEDINGS{Sarazin2002,
   author = {{Sarazin}, C.~L.},
    title = "{The Physics of Cluster Mergers}",
booktitle = {Merging Processes in Galaxy Clusters},
     year = 2002,
   series = {Astrophysics and Space Science Library},
   volume = 272,
   eprint = {astro-ph/0105418},
   editor = {{Feretti}, L. and {Gioia}, I.~M. and {Giovannini}, G.},
    month = jun,
    pages = {1-38},
      doi = {10.1007/0-306-48096-4_1},
   adsurl = {http://adsabs.harvard.edu/abs/2002ASSL..272....1S},
  adsnote = {Provided by the SAO/NASA Astrophysics Data System}
}


