@ARTICLE{Bohr26,
   author = {{Bohr}, N. and {Einstein}, A. and {Fermi}, E.},
   journal = {\mnras},
   year = 1926,
   volume = 111,
   pages = {123-456}
}

@ARTICLE{Curie91,
   author = {{Curie}, M. and {Curie}, P.},
   journal = {\aap},
   year = 1991,
   volume = 101,
   pages = {987-1654}
}

@ARTICLE{deGaulle96,
   author = {{de Gaulle}, C.},
   journal = {Solar Phys.},
   year = 1996,
   volume = 11,
   pages = {1987-2654}
}

@ARTICLE{Einstein26,
   author = {{Einstein}, A.},
   journal = {\apj},
   year = 1926,
   volume = 901,
   pages = {7-16}
}

@ARTICLE{Laurel24,
   author = {{Laurel}, S.},
   journal = {\aj},
   year = 1924,
   volume = 91,
   pages = {17-216}
}


@INPROCEEDINGS{Kafka24,
   author = {{Kafka}, L. and {Laurel}, S. and {Hardy}, P.},
   title = "{Active drinking}",
   booktitle = {The Evolution and Distribution of Beverages}, 
   editor = {{Churchill}, W. and {Roosevelt}, F.D. and {Capone}, A.},
   year = 1924,
   publisher = {Chicago: Bourbon Distilleries Inc.},
   pages = {987-1654}
}

@ARTICLE{1945RvMP...17..120E,
   author = {{Einstein}, A. and {Strauss}, E.G.},
   journal = {Rev. Mod. Phys.},
   year = 1945,
   volume = 17,
   pages = {120-139}
}


@ARTICLE{delucia_blaizot2007,
   author = {{De Lucia}, G. and {Blaizot}, J.},
    title = "{The hierarchical formation of the brightest cluster galaxies}",
  journal = {\mnras},
   eprint = {arXiv:astro-ph/0606519},
     year = 2007,
    month = feb,
   volume = 375,
    pages = {2-14},
      doi = {10.1111/j.1365-2966.2006.11287.x},
   adsurl = {http://adsabs.harvard.edu/abs/2007MNRAS.375....2D},
  adsnote = {Provided by the Smithsonian/NASA Astrophysics Data System}
}

