@article{Ruppin2018,
author = {Ruppin, F and Mayet, F and Pratt, G W and Adam, R and Ade, P and Andr{\'{e}}, P and Arnaud, M and Aussel, H and Bartalucci, I and Beelen, A and Beno{\^{i}}t, A and Bideaud, A and Bourrion, O and Calvo, M and Catalano, A and Comis, B and Petris, M De},
file = {:Users/keruzore/Documents/Biblio/Ruppin et al. - 2018 - First Sunyaev – Zel'dovich mapping with the NIKA2 camera Implication of cluster substructures for the pressure.pdf:pdf},
journal = {A{\&}A},
keywords = {clusters,cosmology,galaxies,high angular resolution,instrumentation,intracluster medium,observations},
number = {615},
title = {{First Sunyaev – Zel'dovich mapping with the NIKA2 camera : Implication of cluster substructures for the pressure profile and mass estimate}},
volume = {112},
year = {2018}
}
@article{Arnaud2010,
author = {Arnaud, M and Pratt, G W and Piffaretti, R. and B{\"{o}}hringer, H and Croston, J H and Pointecouteau, E},
file = {:Users/keruzore/Documents/Biblio/Arnaud et al. - 2010 - The universal galaxy cluster pressure profile from a representative sample of nearby systems ( REXCESS ) and th.pdf:pdf},
journal = {A{\&}A},
keywords = {clusters,cosmology,dark matter,galaxies,general,intergalactic medium,observations,x-rays},
number = {517},
title = {{The universal galaxy cluster pressure profile from a representative sample of nearby systems ( REXCESS ) and the Y SZ – M 500 relation}},
volume = {92},
year = {2010}
}
@misc{Ladjelate2018,
author = {Ladjelate, B and Ritacco, A and Garc\'ia, P and D\'esert, F-X and Leclercq, S and Kramer, S and Sievers, A},
title = {{Guidelines for observing time estimates with the NIKA2 continuum camera at the IRAM-30m Telescope}},
year = 2018,
howpublished    = {\url{http://www.iram.es/IRAMES/mainWiki/Continuum/TimeEstimatorScriptGuide?action=AttachFile&do=get&target=NIKA2_Time_Estimator_Guideline.pdf}},
}
