%%%%%%%%%%%%%%%%%%%%%%%%%%%%%%%%%%%%%%%%%%%%%%%
%%%%%%%%%%% General: Polarization
%%%%%%%%%%%%%%%%%%%%%%%%%%%%%%%%%%%%%%%%%%%%%%%


@PHDTHESIS{2006PhDT........32M,
   author = {{Marrone}, D.~P.},
    title = "{Submillimeter properties of Sagittarius A*: The polarization and spectrum from 230 to 690 GHz and the submillimeter array polarimeter}",
   school = {Harvard University},
     year = 2006,
   adsurl = {http://adsabs.harvard.edu/abs/2006PhDT........32M},
  adsnote = {Provided by the SAO/NASA Astrophysics Data System}
}


@ARTICLE{2013PhRvL.111n1301H,
   author = {{Hanson}, D. and {Hoover}, S. and {Crites}, A. and {Ade}, P.~A.~R. and 
	{Aird}, K.~A. and {Austermann}, J.~E. and {Beall}, J.~A. and 
	{Bender}, A.~N. and {Benson}, B.~A. and {Bleem}, L.~E. and {Bock}, J.~J. and 
	{Carlstrom}, J.~E. and {Chang}, C.~L. and {Chiang}, H.~C. and 
	{Cho}, H.-M. and {Conley}, A. and {Crawford}, T.~M. and {de Haan}, T. and 
	{Dobbs}, M.~A. and {Everett}, W. and {Gallicchio}, J. and {Gao}, J. and 
	{George}, E.~M. and {Halverson}, N.~W. and {Harrington}, N. and 
	{Henning}, J.~W. and {Hilton}, G.~C. and {Holder}, G.~P. and 
	{Holzapfel}, W.~L. and {Hrubes}, J.~D. and {Huang}, N. and {Hubmayr}, J. and 
	{Irwin}, K.~D. and {Keisler}, R. and {Knox}, L. and {Lee}, A.~T. and 
	{Leitch}, E. and {Li}, D. and {Liang}, C. and {Luong-Van}, D. and 
	{Marsden}, G. and {McMahon}, J.~J. and {Mehl}, J. and {Meyer}, S.~S. and 
	{Mocanu}, L. and {Montroy}, T.~E. and {Natoli}, T. and {Nibarger}, J.~P. and 
	{Novosad}, V. and {Padin}, S. and {Pryke}, C. and {Reichardt}, C.~L. and 
	{Ruhl}, J.~E. and {Saliwanchik}, B.~R. and {Sayre}, J.~T. and 
	{Schaffer}, K.~K. and {Schulz}, B. and {Smecher}, G. and {Stark}, A.~A. and 
	{Story}, K.~T. and {Tucker}, C. and {Vanderlinde}, K. and {Vieira}, J.~D. and 
	{Viero}, M.~P. and {Wang}, G. and {Yefremenko}, V. and {Zahn}, O. and 
	{Zemcov}, M.},
    title = "{Detection of B-Mode Polarization in the Cosmic Microwave Background with Data from the South Pole Telescope}",
  journal = {Physical Review Letters},
archivePrefix = "arXiv",
   eprint = {1307.5830},
 primaryClass = "astro-ph.CO",
 keywords = {Background radiations, Radio microwave, Gravitational lenses and luminous arcs, Observational cosmology},
     year = 2013,
    month = oct,
   volume = 111,
   number = 14,
      eid = {141301},
    pages = {141301},
      doi = {10.1103/PhysRevLett.111.141301},
   adsurl = {http://adsabs.harvard.edu/abs/2013PhRvL.111n1301H},
  adsnote = {Provided by the SAO/NASA Astrophysics Data System}
}



@ARTICLE{2003Natur.425..817D,
   author = {{Day}, P.~K. and {LeDuc}, H.~G. and {Mazin}, B.~A. and {Vayonakis}, A. and 
	{Zmuidzinas}, J.},
    title = "{A broadband superconducting detector suitable for use in large arrays}",
  journal = {\nat},
     year = 2003,
    month = oct,
   volume = 425,
    pages = {817-821},
      doi = {10.1038/nature02037},
   adsurl = {http://adsabs.harvard.edu/abs/2003Natur.425..817D},
  adsnote = {Provided by the SAO/NASA Astrophysics Data System}
}


@ARTICLE{2010A&A...521A..29M,
   author = {{Monfardini}, A. and {Swenson}, L.~J. and {Bideaud}, A. and 
	{D{\'e}sert}, F.~X. and {Yates}, S.~J.~C. and {Benoit}, A. and 
	{Baryshev}, A.~M. and {Baselmans}, J.~J.~A. and {Doyle}, S. and 
	{Klein}, B. and {Roesch}, M. and {Tucker}, C. and {Ade}, P. and 
	{Calvo}, M. and {Camus}, P. and {Giordano}, C. and {Guesten}, R. and 
	{Hoffmann}, C. and {Leclercq}, S. and {Mauskopf}, P. and {Schuster}, K.~F.
	},
    title = "{NIKA: A millimeter-wave kinetic inductance camera}",
  journal = {\aap},
archivePrefix = "arXiv",
   eprint = {1004.2209},
 primaryClass = "astro-ph.IM",
 keywords = {instrumentation: detectors, submillimeter: general},
     year = 2010,
    month = oct,
   volume = 521,
      eid = {A29},
    pages = {A29},
      doi = {10.1051/0004-6361/201014727},
   adsurl = {http://adsabs.harvard.edu/abs/2010A%26A...521A..29M},
  adsnote = {Provided by the SAO/NASA Astrophysics Data System}
}


@ARTICLE{2016JLTP..184..816C,
   author = {{Calvo}, M. and {Beno{\^i}t}, A. and {Catalano}, A. and {Goupy}, J. and 
	{Monfardini}, A. and {Ponthieu}, N. and {Barria}, E. and {Bres}, G. and 
	{Grollier}, M. and {Garde}, G. and {Leggeri}, J.-P. and {Pont}, G. and 
	{Triqueneaux}, S. and {Adam}, R. and {Bourrion}, O. and {Mac{\'{\i}}as-P{\'e}rez}, J.-F. and 
	{Rebolo}, M. and {Ritacco}, A. and {Scordilis}, J.-P. and {Tourres}, D. and 
	{Adane}, A. and {Coiffard}, G. and {Leclercq}, S. and {D{\'e}sert}, F.-X. and 
	{Doyle}, S. and {Mauskopf}, P. and {Tucker}, C. and {Ade}, P. and 
	{Andr{\'e}}, P. and {Beelen}, A. and {Belier}, B. and {Bideaud}, A. and 
	{Billot}, N. and {Comis}, B. and {D'Addabbo}, A. and {Kramer}, C. and 
	{Martino}, J. and {Mayet}, F. and {Pajot}, F. and {Pascale}, E. and 
	{Perotto}, L. and {Rev{\'e}ret}, V. and {Ritacco}, A. and {Rodriguez}, L. and 
	{Savini}, G. and {Schuster}, K. and {Sievers}, A. and {Zylka}, R.
	},
    title = "{The NIKA2 Instrument, A Dual-Band Kilopixel KID Array for Millimetric Astronomy}",
  journal = {Journal of Low Temperature Physics},
archivePrefix = "arXiv",
   eprint = {1601.02774},
 primaryClass = "astro-ph.IM",
 keywords = {Kinetic inductance detectors, mm-wave astronomy},
     year = 2016,
    month = aug,
   volume = 184,
    pages = {816-823},
      doi = {10.1007/s10909-016-1582-0},
   adsurl = {http://adsabs.harvard.edu/abs/2016JLTP..184..816C},
  adsnote = {Provided by the SAO/NASA Astrophysics Data System}
}

@INPROCEEDINGS{2007stt..conf...93K,
   author = {{Kuzmin}, L. and {Yassin}, G. and {Withington}, S. and {Grimes}, P.
	},
    title = "{An Antenna Coupled Cold-Electron Bolometer for High Performance Cosmology Instruments}",
booktitle = {Eighteenth International Symposium on Space Terahertz Technology},
     year = 2007,
   editor = {{Karpov}, A.},
    pages = {93},
   adsurl = {http://adsabs.harvard.edu/abs/2007stt..conf...93K},
  adsnote = {Provided by the SAO/NASA Astrophysics Data System}
}

@PhDThesis{Calvo2008,
title = {Development of Kinetic Inductance Detectors for the study of the Cosmic Microwave Background Polarization},
author = {{Calvo}, M.},
school = {Sapienza University},
year = {2008}}

@ARTICLE{2008PhRvD..77h3003S,
   author = {{Shimon}, M. and {Keating}, B. and {Ponthieu}, N. and {Hivon}, E.
	},
    title = "{CMB polarization systematics due to beam asymmetry: Impact on inflationary science}",
  journal = {\prd},
archivePrefix = "arXiv",
   eprint = {0709.1513},
 keywords = {Background radiations},
     year = 2008,
    month = apr,
   volume = 77,
   number = 8,
      eid = {083003},
    pages = {083003},
      doi = {10.1103/PhysRevD.77.083003},
   adsurl = {http://adsabs.harvard.edu/abs/2008PhRvD..77h3003S},
  adsnote = {Provided by the SAO/NASA Astrophysics Data System}
}

@ARTICLE{quickpol,
   author = {{Hivon}, E. and {Mottet}, S. and {Ponthieu}, N.
	},
    title = "{QuickPol:Fast calculation of effective beam matrices for CMB polarization}",
  journal = {\aap},
     year = 2016,
    month = Nov,
   volume = 598,
    pages = {A25},
}

@ARTICLE{2016arXiv160907263D,
   author = {{De Zotti}, G. and {Gonzalez-Nuevo}, J. and {Lopez-Caniego}, M. and 
	{Negrello}, M. and {Greenslade}, J. and {Hernandez-Monteagudo}, C. and 
	{Delabrouille}, J. and {Cai}, Z.-Y. and {Bonato}, M. and {Achucarro}, A. and 
	{Ade}, P. and {Allison}, R. and {Ashdown}, M. and {Ballardini}, M. and 
	{Banday}, A.~J. and {Banerji}, R. and {Bartlett}, J.~G. and 
	{Bartolo}, N. and {Basak}, S. and {Bersanelli}, M. and {Biesiada}, M. and 
	{Bilicki}, M. and {Bonaldi}, A. and {Borrill}, J. and {Bouchet}, F. and 
	{Boulanger}, F. and {Brinckmann}, T. and {Bucher}, M. and {Burigana}, C. and 
	{Buzzelli}, A. and {Calvo}, M. and {Carvalho}, C.~S. and {Castellano}, M.~G. and 
	{Challinor}, A. and {Chluba}, J. and {Clements}, D.~L. and {Clesse}, S. and 
	{Colafrancesco}, S. and {Colantoni}, I. and {Coppolecchia}, A. and 
	{Crook}, M. and {D'Alessandro}, G. and {de Bernardis}, P. and 
	{de Gasperis}, G. and {Diego}, J.~M. and {Di Valentino}, E. and 
	{Errard}, J. and {Feeney}, S.~M. and {Fernandez-Cobos}, R. and 
	{Ferraro}, S. and {Finelli}, F. and {Forastieri}, F. and {Galli}, S. and 
	{Genova-Santos}, R.~T. and {Gerbino}, M. and {Grandis}, S. and 
	{Hagstotz}, S. and {Hanany}, S. and {Handley}, W. and {Hervias-Caimapo}, C. and 
	{Hills}, M. and {Hivon}, E. and {Kiiveri}, K. and {Kisner}, T. and 
	{Kitching}, T. and {Kunz}, M. and {Kurki-Suonio}, H. and {Lagache}, G. and 
	{Lamagna}, L. and {Lasenby}, A. and {Lattanzi}, M. and {Le Brun}, A. and 
	{Lesgourgues}, J. and {Lewis}, A. and {Liguori}, M. and {Lindholm}, V. and 
	{Luzzi}, G. and {Maffei}, B. and {Mandolesi}, N. and {Martinez-Gonzalez}, E. and 
	{Martins}, C.~J.~A.~P. and {Masi}, S. and {Massardi}, M. and 
	{McCarthy}, D. and {Melchiorri}, A. and {Melin}, J.-B. and {Molinari}, D. and 
	{Monfardini}, A. and {Natoli}, P. and {Notari}, A. and {Paiella}, A. and 
	{Paoletti}, D. and {Partridge}, R.~B. and {Patanchon}, G. and 
	{Piat}, M. and {Pisano}, G. and {Polastri}, L. and {Polenta}, G. and 
	{Pollo}, A. and {Poulin}, V. and {Quartin}, M. and {Remazeilles}, M. and 
	{Roman}, M. and {Rossi}, G. and {Roukema}, B.~F. and {Rubino-Martin}, J.-A. and 
	{Salvati}, L. and {Scott}, D. and {Serjeant}, S. and {Tartari}, A. and 
	{Toffolatti}, L. and {Tomasi}, M. and {Trappe}, N. and {Triqueneaux}, S. and 
	{Trombetti}, T. and {Tucci}, M. and {Tucker}, C. and {Valiviita}, J. and 
	{van de Weygaert}, R. and {Van Tent}, B. and {Vennin}, V. and 
	{Vielva}, P. and {Vittorio}, N. and {Young}, K. and {for the CORE collaboration}
	},
    title = "{Exploring Cosmic Origins with CORE: Extragalactic sources in Cosmic Microwave Background maps}",
  journal = {ArXiv e-prints},
archivePrefix = "arXiv",
   eprint = {1609.07263},
 keywords = {Astrophysics - Astrophysics of Galaxies, Astrophysics - Cosmology and Nongalactic Astrophysics},
     year = 2016,
    month = sep,
   adsurl = {http://adsabs.harvard.edu/abs/2016arXiv160907263D},
  adsnote = {Provided by the SAO/NASA Astrophysics Data System}
}

@ARTICLE{2013A&A...551L..12C,
   author = {{Calvo}, M. and {Roesch}, M. and {D{\'e}sert}, F.-X. and {Monfardini}, A. and 
	{Benoit}, A. and {Mauskopf}, P. and {Ade}, P. and {Boudou}, N. and 
	{Bourrion}, O. and {Camus}, P. and {Cruciani}, A. and {Doyle}, S. and 
	{Hoffmann}, C. and {Leclercq}, S. and {Macias-Perez}, J.~F. and 
	{Ponthieu}, N. and {Schuster}, K.~F. and {Tucker}, C. and {Vescovi}, C.
	},
    title = "{Improved mm-wave photometry for kinetic inductance detectors}",
  journal = {\aap},
 keywords = {instrumentation: detectors, methods: observational, telescopes, techniques: photometric},
     year = 2013,
    month = mar,
   volume = 551,
      eid = {L12},
    pages = {L12},
      doi = {10.1051/0004-6361/201219854},
   adsurl = {http://adsabs.harvard.edu/abs/2013A%26A...551L..12C},
  adsnote = {Provided by the SAO/NASA Astrophysics Data System}
}

@ARTICLE{2010ApPhL..96z3511S,
   author = {{Swenson}, L.~J. and {Cruciani}, A. and {Benoit}, A. and {Roesch}, M. and 
	{Yung}, C.~S. and {Bideaud}, A. and {Monfardini}, A.},
    title = "{High-speed phonon imaging using frequency-multiplexed kinetic inductance detectors}",
  journal = {Applied Physics Letters},
archivePrefix = "arXiv",
   eprint = {1004.5066},
 primaryClass = "physics.ins-det",
 keywords = {elemental semiconductors, high-speed techniques, microwave detectors, phonons, photon counting, quantum computing, readout electronics, silicon, superconducting microwave devices, superconducting resonators, Superconducting infrared submillimeter and millimeter wave detectors, Bolometers, infrared submillimeter wave microwave and radiowave receivers and detectors, High-speed techniques},
     year = 2010,
    month = jun,
   volume = 96,
   number = 26,
      eid = {263511},
    pages = {263511},
      doi = {10.1063/1.3459142},
   adsurl = {http://adsabs.harvard.edu/abs/2010ApPhL..96z3511S},
  adsnote = {Provided by the SAO/NASA Astrophysics Data System}
}

@ARTICLE{2008ApPhL..93m4102G,
   author = {{Grabovskij}, G.~J. and {Swenson}, L.~J. and {Buisson}, O. and 
	{Hoffmann}, C. and {Monfardini}, A. and {Vill{\'e}gier}, J.-C.
	},
    title = "{In situ measurement of the permittivity of helium using microwave NbN resonators}",
  journal = {Applied Physics Letters},
archivePrefix = "arXiv",
   eprint = {0809.4919},
 primaryClass = "cond-mat.other",
 keywords = {Permittivity},
     year = 2008,
    month = sep,
   volume = 93,
   number = 13,
      eid = {134102},
    pages = {134102},
      doi = {10.1063/1.2996263},
   adsurl = {http://adsabs.harvard.edu/abs/2008ApPhL..93m4102G},
  adsnote = {Provided by the SAO/NASA Astrophysics Data System}
}

@ARTICLE{2016A&A...592A..26C,
   author = {{Catalano}, A. and {Benoit}, A. and {Bourrion}, O. and {Calvo}, M. and 
	{Coiffard}, G. and {D'Addabbo}, A. and {Goupy}, J. and {Le Sueur}, H. and 
	{Mac{\'{\i}}as-P{\'e}rez}, J. and {Monfardini}, A.},
    title = "{Maturity of lumped element kinetic inductance detectors for space-borne instruments in the range between 80 and 180 GHz}",
  journal = {\aap},
archivePrefix = "arXiv",
   eprint = {1511.02652},
 primaryClass = "astro-ph.IM",
 keywords = {instrumentation: detectors, space vehicles: instruments, cosmic background radiation},
     year = 2016,
    month = jul,
   volume = 592,
      eid = {A26},
    pages = {A26},
      doi = {10.1051/0004-6361/201527715},
   adsurl = {http://adsabs.harvard.edu/abs/2016A%26A...592A..26C},
  adsnote = {Provided by the SAO/NASA Astrophysics Data System}
}

@ARTICLE{2014A&A...571A..10P,
   author = {{Planck Collaboration} and {Ade}, P.~A.~R. and {Aghanim}, N. and 
	{Armitage-Caplan}, C. and {Arnaud}, M. and {Ashdown}, M. and 
	{Atrio-Barandela}, F. and {Aumont}, J. and {Baccigalupi}, C. and 
	{Banday}, A.~J. and et al.},
    title = "{Planck 2013 results. X. HFI energetic particle effects: characterization, removal, and simulation}",
  journal = {\aap},
archivePrefix = "arXiv",
   eprint = {1303.5071},
 keywords = {cosmic background radiation, cosmology: observations, instrumentation: detectors, space vehicles: instruments, methods: data analysis},
     year = 2014,
    month = nov,
   volume = 571,
      eid = {A10},
    pages = {A10},
      doi = {10.1051/0004-6361/201321577},
   adsurl = {http://adsabs.harvard.edu/abs/2014A%26A...571A..10P},
  adsnote = {Provided by the SAO/NASA Astrophysics Data System}
}

@INPROCEEDINGS{2016SPIE.9914E..0NM,
   author = {{Monfardini}, A. and {Baselmans}, J. and {Benoit}, A. and {Bideaud}, A. and 
	{Bourrion}, O. and {Catalano}, A. and {Calvo}, M. and {D'Addabbo}, A. and 
	{Doyle}, S. and {Goupy}, J. and {Le Sueur}, H. and {Macias-Perez}, J.
	},
    title = "{Lumped element kinetic inductance detectors for space applications}",
booktitle = {Millimeter, Submillimeter, and Far-Infrared Detectors and Instrumentation for Astronomy VIII},
     year = 2016,
   series = {\procspie},
   volume = 9914,
archivePrefix = "arXiv",
   eprint = {1606.00719},
 primaryClass = "astro-ph.IM",
    month = jul,
      eid = {99140N},
    pages = {99140N},
      doi = {10.1117/12.2231758},
   adsurl = {http://adsabs.harvard.edu/abs/2016SPIE.9914E..0NM},
  adsnote = {Provided by the SAO/NASA Astrophysics Data System}
}

@ARTICLE{2012ApPhL.100w2601M,
   author = {{Moore}, D.~C. and {Golwala}, S.~R. and {Bumble}, B. and {Cornell}, B. and 
	{Day}, P.~K. and {LeDuc}, H.~G. and {Zmuidzinas}, J.},
    title = "{Position and energy-resolved particle detection using phonon-mediated microwave kinetic inductance detectors}",
  journal = {Applied Physics Letters},
archivePrefix = "arXiv",
   eprint = {1203.4549},
 primaryClass = "astro-ph.IM",
 keywords = {silicon radiation detectors, transition radiation detectors, Tracking and position-sensitive detectors, Solid-state detectors},
     year = 2012,
    month = jun,
   volume = 100,
   number = 23,
      eid = {232601},
    pages = {232601},
      doi = {10.1063/1.4726279},
   adsurl = {http://adsabs.harvard.edu/abs/2012ApPhL.100w2601M},
  adsnote = {Provided by the SAO/NASA Astrophysics Data System}
}

@ARTICLE{2014JLTP..176..787M,
   author = {{Monfardini}, A. and {Adam}, R. and {Adane}, A. and {Ade}, P. and 
	{Andr{\'e}}, P. and {Beelen}, A. and {Belier}, B. and {Benoit}, A. and 
	{Bideaud}, A. and {Billot}, N. and {Bourrion}, O. and {Calvo}, M. and 
	{Catalano}, A. and {Coiffard}, G. and {Comis}, B. and {D'Addabbo}, A. and 
	{D{\'e}sert}, F.-X. and {Doyle}, S. and {Goupy}, J. and {Kramer}, C. and 
	{Leclercq}, S. and {Macias-Perez}, J. and {Martino}, J. and 
	{Mauskopf}, P. and {Mayet}, F. and {Pajot}, F. and {Pascale}, E. and 
	{Ponthieu}, N. and {Rev{\'e}ret}, V. and {Rodriguez}, L. and 
	{Savini}, G. and {Schuster}, K. and {Sievers}, A. and {Tucker}, C. and 
	{Zylka}, R.},
    title = "{Latest NIKA Results and the NIKA-2 Project}",
  journal = {Journal of Low Temperature Physics},
archivePrefix = "arXiv",
   eprint = {1310.1230},
 primaryClass = "astro-ph.IM",
 keywords = {Kinetic inductance detectors, Millimeter astronomy, Superconducting detectors},
     year = 2014,
    month = sep,
   volume = 176,
    pages = {787-795},
      doi = {10.1007/s10909-013-0985-4},
   adsurl = {http://adsabs.harvard.edu/abs/2014JLTP..176..787M},
  adsnote = {Provided by the SAO/NASA Astrophysics Data System}
}

@ARTICLE{2014A&A...569A...9C,
   author = {{Catalano}, A. and {Calvo}, M. and {Ponthieu}, N. and {Adam}, R. and 
	{Adane}, A. and {Ade}, P. and {Andr{\'e}}, P. and {Beelen}, A. and 
	{Belier}, B. and {Beno{\^i}t}, A. and {Bideaud}, A. and {Billot}, N. and 
	{Boudou}, N. and {Bourrion}, O. and {Coiffard}, G. and {Comis}, B. and 
	{D'Addabbo}, A. and {D{\'e}sert}, F.-X. and {Doyle}, S. and 
	{Goupy}, J. and {Kramer}, C. and {Leclercq}, S. and {Mac{\'{\i}}as-P{\'e}rez}, J.~F. and 
	{Martino}, J. and {Mauskopf}, P. and {Mayet}, F. and {Monfardini}, A. and 
	{Pajot}, F. and {Pascale}, E. and {Perotto}, L. and {Rev{\'e}ret}, V. and 
	{Rodriguez}, L. and {Savini}, G. and {Schuster}, K. and {Sievers}, A. and 
	{Tucker}, C. and {Zylka}, R.},
    title = "{Performance and calibration of the NIKA camera at the IRAM 30 m telescope}",
  journal = {\aap},
archivePrefix = "arXiv",
   eprint = {1402.0260},
 primaryClass = "astro-ph.IM",
 keywords = {methods: observational, submillimeter: general, submillimeter: galaxies, submillimeter: ISM},
     year = 2014,
    month = sep,
   volume = 569,
      eid = {A9},
    pages = {A9},
      doi = {10.1051/0004-6361/201423557},
   adsurl = {http://adsabs.harvard.edu/abs/2014A%26A...569A...9C},
  adsnote = {Provided by the SAO/NASA Astrophysics Data System}
}

@ARTICLE{2007ApJ...665...42J,
   author = {{Johnson}, B.~R. and {Collins}, J. and {Abroe}, M.~E. and {Ade}, P.~A.~R. and 
	{Bock}, J. and {Borrill}, J. and {Boscaleri}, A. and {de Bernardis}, P. and 
	{Hanany}, S. and {Jaffe}, A.~H. and {Jones}, T. and {Lee}, A.~T. and 
	{Levinson}, L. and {Matsumura}, T. and {Rabii}, B. and {Renbarger}, T. and 
	{Richards}, P.~L. and {Smoot}, G.~F. and {Stompor}, R. and {Tran}, H.~T. and 
	{Winant}, C.~D. and {Wu}, J.~H.~P. and {Zuntz}, J.},
    title = "{MAXIPOL: Cosmic Microwave Background Polarimetry Using a Rotating Half-Wave Plate}",
  journal = {\apj},
   eprint = {astro-ph/0611394},
 keywords = {Polarization},
     year = 2007,
    month = aug,
   volume = 665,
    pages = {42-54},
      doi = {10.1086/518105},
   adsurl = {http://adsabs.harvard.edu/abs/2007ApJ...665...42J},
  adsnote = {Provided by the SAO/NASA Astrophysics Data System}
}


@ARTICLE{2017JCAP...05..008T,
   author = {{Takakura}, S. and {Aguilar}, M. and {Akiba}, Y. and {Arnold}, K. and 
	{Baccigalupi}, C. and {Barron}, D. and {Beckman}, S. and {Boettger}, D. and 
	{Borrill}, J. and {Chapman}, S. and {Chinone}, Y. and {Cukierman}, A. and 
	{Ducout}, A. and {Elleflot}, T. and {Errard}, J. and {Fabbian}, G. and 
	{Fujino}, T. and {Galitzki}, N. and {Goeckner-Wald}, N. and 
	{Halverson}, N.~W. and {Hasegawa}, M. and {Hattori}, K. and 
	{Hazumi}, M. and {Hill}, C. and {Howe}, L. and {Inoue}, Y. and 
	{Jaffe}, A.~H. and {Jeong}, O. and {Kaneko}, D. and {Katayama}, N. and 
	{Keating}, B. and {Keskitalo}, R. and {Kisner}, T. and {Krachmalnicoff}, N. and 
	{Kusaka}, A. and {Lee}, A.~T. and {Leon}, D. and {Lowry}, L. and 
	{Matsuda}, F. and {Matsumura}, T. and {Navaroli}, M. and {Nishino}, H. and 
	{Paar}, H. and {Peloton}, J. and {Poletti}, D. and {Puglisi}, G. and 
	{Reichardt}, C.~L. and {Ross}, C. and {Siritanasak}, P. and 
	{Suzuki}, A. and {Tajima}, O. and {Takatori}, S. and {Teply}, G.
	},
    title = "{Performance of a continuously rotating half-wave plate on the POLARBEAR telescope}",
  journal = {\jcap},
archivePrefix = "arXiv",
   eprint = {1702.07111},
 primaryClass = "astro-ph.IM",
     year = 2017,
    month = may,
   volume = 5,
      eid = {008},
    pages = {008},
      doi = {10.1088/1475-7516/2017/05/008},
   adsurl = {http://adsabs.harvard.edu/abs/2017JCAP...05..008T},
  adsnote = {Provided by the SAO/NASA Astrophysics Data System}
}

@INPROCEEDINGS{2010SPIE.7741E..1CR,
   author = {{Reichborn-Kjennerud}, B. and {Aboobaker}, A.~M. and {Ade}, P. and 
	{Aubin}, F. and {Baccigalupi}, C. and {Bao}, C. and {Borrill}, J. and 
	{Cantalupo}, C. and {Chapman}, D. and {Didier}, J. and {Dobbs}, M. and 
	{Grain}, J. and {Grainger}, W. and {Hanany}, S. and {Hillbrand}, S. and 
	{Hubmayr}, J. and {Jaffe}, A. and {Johnson}, B. and {Jones}, T. and 
	{Kisner}, T. and {Klein}, J. and {Korotkov}, A. and {Leach}, S. and 
	{Lee}, A. and {Levinson}, L. and {Limon}, M. and {MacDermid}, K. and 
	{Matsumura}, T. and {Meng}, X. and {Miller}, A. and {Milligan}, M. and 
	{Pascale}, E. and {Polsgrove}, D. and {Ponthieu}, N. and {Raach}, K. and 
	{Sagiv}, I. and {Smecher}, G. and {Stivoli}, F. and {Stompor}, R. and 
	{Tran}, H. and {Tristram}, M. and {Tucker}, G.~S. and {Vinokurov}, Y. and 
	{Yadav}, A. and {Zaldarriaga}, M. and {Zilic}, K.},
    title = "{EBEX: a balloon-borne CMB polarization experiment}",
booktitle = {Millimeter, Submillimeter, and Far-Infrared Detectors and Instrumentation for Astronomy V},
     year = 2010,
   series = {\procspie},
   volume = 7741,
archivePrefix = "arXiv",
   eprint = {1007.3672},
    month = jul,
      eid = {77411C},
    pages = {77411C},
      doi = {10.1117/12.857138},
   adsurl = {http://adsabs.harvard.edu/abs/2010SPIE.7741E..1CR},
  adsnote = {Provided by the SAO/NASA Astrophysics Data System}
}

@ARTICLE{2017A&A...599A..34R,
   author = {{Ritacco}, A. and {Ponthieu}, N. and {Catalano}, A. and {Adam}, R. and 
	{Ade}, P. and {Andr{\'e}}, P. and {Beelen}, A. and {Beno{\^i}t}, A. and 
	{Bideaud}, A. and {Billot}, N. and {Bourrion}, O. and {Calvo}, M. and 
	{Coiffard}, G. and {Comis}, B. and {D{\'e}sert}, F.-X. and {Doyle}, S. and 
	{Goupy}, J. and {Kramer}, C. and {Leclercq}, S. and {Mac{\'{\i}}as-P{\'e}rez}, J.~F. and 
	{Mauskopf}, P. and {Maury}, A. and {Mayet}, F. and {Monfardini}, A. and 
	{Pajot}, F. and {Pascale}, E. and {Perotto}, L. and {Pisano}, G. and 
	{Rebolo-Iglesias}, M. and {Rev{\'e}ret}, V. and {Rodriguez}, L. and 
	{Romero}, C. and {Ruppin}, F. and {Savini}, G. and {Schuster}, K. and 
	{Sievers}, A. and {Thum}, C. and {Triqueneaux}, S. and {Tucker}, C. and 
	{Zylka}, R.},
    title = "{Polarimetry at millimeter wavelengths with the NIKA camera: calibration and performance}",
  journal = {\aap},
archivePrefix = "arXiv",
   eprint = {1609.02042},
 primaryClass = "astro-ph.IM",
 keywords = {ISM: magnetic fields, polarization, ISM: clouds, instrumentation: polarimeters},
     year = 2017,
    month = mar,
   volume = 599,
      eid = {A34},
    pages = {A34},
      doi = {10.1051/0004-6361/201629666},
   adsurl = {http://adsabs.harvard.edu/abs/2017A%26A...599A..34R},
  adsnote = {Provided by the SAO/NASA Astrophysics Data System}
}

@ARTICLE{2015IJMPD..2430004B,
   author = {{Bucher}, M.},
    title = "{Physics of the cosmic microwave background anisotropy}",
  journal = {International Journal of Modern Physics D},
archivePrefix = "arXiv",
   eprint = {1501.04288},
 keywords = {Cosmic microwave background, early universe, inflationary cosmology, polarized dust emission, Background radiations, Origin and formation of the Universe, Particle-theory and field-theory models of the early Universe, Observational cosmology},
     year = 2015,
    month = jan,
   volume = 24,
      eid = {1530004-303},
    pages = {1530004-303},
      doi = {10.1142/S0218271815300049},
   adsurl = {http://adsabs.harvard.edu/abs/2015IJMPD..2430004B},
  adsnote = {Provided by the SAO/NASA Astrophysics Data System}
}

@ARTICLE{2009arXiv0906.1188B,
   author = {{Bock}, J. and {Aljabri}, A. and {Amblard}, A. and {Baumann}, D. and 
	{Betoule}, M. and {Chui}, T. and {Colombo}, L. and {Cooray}, A. and 
	{Crumb}, D. and {Day}, P. and {Dickinson}, C. and {Dowell}, D. and 
	{Dragovan}, M. and {Golwala}, S. and {Gorski}, K. and {Hanany}, S. and 
	{Holmes}, W. and {Irwin}, K. and {Johnson}, B. and {Keating}, B. and 
	{Kuo}, C.-L. and {Lee}, A. and {Lange}, A. and {Lawrence}, C. and 
	{Meyer}, S. and {Miller}, N. and {Nguyen}, H. and {Pierpaoli}, E. and 
	{Ponthieu}, N. and {Puget}, J.-L. and {Raab}, J. and {Richards}, P. and 
	{Satter}, C. and {Seiffert}, M. and {Shimon}, M. and {Tran}, H. and 
	{Williams}, B. and {Zmuidzinas}, J.},
    title = "{Study of the Experimental Probe of Inflationary Cosmology (EPIC)-Intemediate Mission for NASA's Einstein Inflation Probe}",
  journal = {ArXiv e-prints},
archivePrefix = "arXiv",
   eprint = {0906.1188},
 primaryClass = "astro-ph.CO",
 keywords = {Astrophysics - Cosmology and Extragalactic Astrophysics, Astrophysics - Instrumentation and Methods for Astrophysics},
     year = 2009,
    month = jun,
   adsurl = {http://adsabs.harvard.edu/abs/2009arXiv0906.1188B},
  adsnote = {Provided by the SAO/NASA Astrophysics Data System}
}

@ARTICLE{2005A&A...430..363D,
   author = {{Dupac}, X. and {Tauber}, J.},
    title = "{Scanning strategy for mapping the Cosmic Microwave Background anisotropies with Planck}",
  journal = {\aap},
   eprint = {astro-ph/0409405},
 keywords = {cosmic microwave background, methods: observational},
     year = 2005,
    month = jan,
   volume = 430,
    pages = {363-371},
      doi = {10.1051/0004-6361:20041526},
   adsurl = {http://adsabs.harvard.edu/abs/2005A%26A...430..363D},
  adsnote = {Provided by the SAO/NASA Astrophysics Data System}
}

@ARTICLE{2005ApJ...622..759G,
   author = {{G{\'o}rski}, K.~M. and {Hivon}, E. and {Banday}, A.~J. and 
	{Wandelt}, B.~D. and {Hansen}, F.~K. and {Reinecke}, M. and 
	{Bartelmann}, M.},
    title = "{HEALPix: A Framework for High-Resolution Discretization and Fast Analysis of Data Distributed on the Sphere}",
  journal = {\apj},
   eprint = {astro-ph/0409513},
 keywords = {Cosmology: Cosmic Microwave Background, Cosmology: Observations, Methods: Statistical},
     year = 2005,
    month = apr,
   volume = 622,
    pages = {759-771},
      doi = {10.1086/427976},
   adsurl = {http://adsabs.harvard.edu/abs/2005ApJ...622..759G},
  adsnote = {Provided by the SAO/NASA Astrophysics Data System}
}
