%%%%%%%%%%%%%%%%%%%%%%%%%%%%%%%%%%%%%%%%%%%%%%%
%%%%%%%%%%% General: Polarization
%%%%%%%%%%%%%%%%%%%%%%%%%%%%%%%%%%%%%%%%%%%%%%%

@ARTICLE{2016A&A...594A..10P,
   author = {{Planck Collaboration} and {Adam}, R. and {Ade}, P.~A.~R. and 
   {Aghanim}, N. and {Alves}, M.~I.~R. and {Arnaud}, M. and {Ashdown}, M. and 
   {Aumont}, J. and {Baccigalupi}, C. and {Banday}, A.~J. and et al.},
    title = "{Planck 2015 results. X. Diffuse component separation: Foreground maps}",
  journal = {\aap},
archivePrefix = "arXiv",
   eprint = {1502.01588},
 keywords = {ISM: general, cosmology: observations, polarization, cosmic background radiation, diffuse radiation, Galaxy: general},
     year = 2016,
    month = sep,
   volume = 594,
      eid = {A10},
    pages = {A10},
      doi = {10.1051/0004-6361/201525967},
   adsurl = {http://adsabs.harvard.edu/abs/2016A%26A...594A..10P},
  adsnote = {Provided by the SAO/NASA Astrophysics Data System}
}

@ARTICLE{2004MNRAS.350..914C,
   author = {{Chon}, G. and {Challinor}, A. and {Prunet}, S. and {Hivon}, E. and 
   {Szapudi}, I.},
    title = "{Fast estimation of polarization power spectra using correlation functions}",
  journal = {\mnras},
   eprint = {astro-ph/0303414},
 keywords = {methods: analytical:, methods: numerical, cosmic microwave background},
     year = 2004,
    month = may,
   volume = 350,
    pages = {914-926},
      doi = {10.1111/j.1365-2966.2004.07737.x},
   adsurl = {http://adsabs.harvard.edu/abs/2004MNRAS.350..914C},
  adsnote = {Provided by the SAO/NASA Astrophysics Data System}
}

@ARTICLE{2011ApJS..194...24M,
   author = {{Monfardini}, A. and {Benoit}, A. and {Bideaud}, A. and {Swenson}, L. and 
   {Cruciani}, A. and {Camus}, P. and {Hoffmann}, C. and {D{\'e}sert}, F.~X. and 
   {Doyle}, S. and {Ade}, P. and {Mauskopf}, P. and {Tucker}, C. and 
   {Roesch}, M. and {Leclercq}, S. and {Schuster}, K.~F. and {Endo}, A. and 
   {Baryshev}, A. and {Baselmans}, J.~J.~A. and {Ferrari}, L. and 
   {Yates}, S.~J.~C. and {Bourrion}, O. and {Macias-Perez}, J. and 
   {Vescovi}, C. and {Calvo}, M. and {Giordano}, C.},
    title = "{A Dual-band Millimeter-wave Kinetic Inductance Camera for the IRAM 30 m Telescope}",
  journal = {\apjs},
archivePrefix = "arXiv",
   eprint = {1102.0870},
 primaryClass = "astro-ph.IM",
 keywords = {instrumentation: detectors, radio continuum: galaxies, radio continuum: general, submillimeter: galaxies, submillimeter: general, techniques: miscellaneous},
     year = 2011,
    month = jun,
   volume = 194,
      eid = {24},
    pages = {24},
      doi = {10.1088/0067-0049/194/2/24},
   adsurl = {http://adsabs.harvard.edu/abs/2011ApJS..194...24M},
  adsnote = {Provided by the SAO/NASA Astrophysics Data System}
}

@PHDTHESIS{2006PhDT........32M,
   author = {{Marrone}, D.~P.},
    title = "{Submillimeter properties of Sagittarius A*: The polarization and spectrum from 230 to 690 GHz and the submillimeter array polarimeter}",
   school = {Harvard University},
     year = 2006,
   adsurl = {http://adsabs.harvard.edu/abs/2006PhDT........32M},
  adsnote = {Provided by the SAO/NASA Astrophysics Data System}
}


@ARTICLE{2013PhRvL.111n1301H,
   author = {{Hanson}, D. and {Hoover}, S. and {Crites}, A. and {Ade}, P.~A.~R. and 
	{Aird}, K.~A. and {Austermann}, J.~E. and {Beall}, J.~A. and 
	{Bender}, A.~N. and {Benson}, B.~A. and {Bleem}, L.~E. and {Bock}, J.~J. and 
	{Carlstrom}, J.~E. and {Chang}, C.~L. and {Chiang}, H.~C. and 
	{Cho}, H.-M. and {Conley}, A. and {Crawford}, T.~M. and {de Haan}, T. and 
	{Dobbs}, M.~A. and {Everett}, W. and {Gallicchio}, J. and {Gao}, J. and 
	{George}, E.~M. and {Halverson}, N.~W. and {Harrington}, N. and 
	{Henning}, J.~W. and {Hilton}, G.~C. and {Holder}, G.~P. and 
	{Holzapfel}, W.~L. and {Hrubes}, J.~D. and {Huang}, N. and {Hubmayr}, J. and 
	{Irwin}, K.~D. and {Keisler}, R. and {Knox}, L. and {Lee}, A.~T. and 
	{Leitch}, E. and {Li}, D. and {Liang}, C. and {Luong-Van}, D. and 
	{Marsden}, G. and {McMahon}, J.~J. and {Mehl}, J. and {Meyer}, S.~S. and 
	{Mocanu}, L. and {Montroy}, T.~E. and {Natoli}, T. and {Nibarger}, J.~P. and 
	{Novosad}, V. and {Padin}, S. and {Pryke}, C. and {Reichardt}, C.~L. and 
	{Ruhl}, J.~E. and {Saliwanchik}, B.~R. and {Sayre}, J.~T. and 
	{Schaffer}, K.~K. and {Schulz}, B. and {Smecher}, G. and {Stark}, A.~A. and 
	{Story}, K.~T. and {Tucker}, C. and {Vanderlinde}, K. and {Vieira}, J.~D. and 
	{Viero}, M.~P. and {Wang}, G. and {Yefremenko}, V. and {Zahn}, O. and 
	{Zemcov}, M.},
    title = "{Detection of B-Mode Polarization in the Cosmic Microwave Background with Data from the South Pole Telescope}",
  journal = {Physical Review Letters},
archivePrefix = "arXiv",
   eprint = {1307.5830},
 primaryClass = "astro-ph.CO",
 keywords = {Background radiations, Radio microwave, Gravitational lenses and luminous arcs, Observational cosmology},
     year = 2013,
    month = oct,
   volume = 111,
   number = 14,
      eid = {141301},
    pages = {141301},
      doi = {10.1103/PhysRevLett.111.141301},
   adsurl = {http://adsabs.harvard.edu/abs/2013PhRvL.111n1301H},
  adsnote = {Provided by the SAO/NASA Astrophysics Data System}
}



@ARTICLE{2003Natur.425..817D,
   author = {{Day}, P.~K. and {LeDuc}, H.~G. and {Mazin}, B.~A. and {Vayonakis}, A. and 
	{Zmuidzinas}, J.},
    title = "{A broadband superconducting detector suitable for use in large arrays}",
  journal = {\nat},
     year = 2003,
    month = oct,
   volume = 425,
    pages = {817-821},
      doi = {10.1038/nature02037},
   adsurl = {http://adsabs.harvard.edu/abs/2003Natur.425..817D},
  adsnote = {Provided by the SAO/NASA Astrophysics Data System}
}


@ARTICLE{2010A&A...521A..29M,
   author = {{Monfardini}, A. and {Swenson}, L.~J. and {Bideaud}, A. and 
	{D{\'e}sert}, F.~X. and {Yates}, S.~J.~C. and {Benoit}, A. and 
	{Baryshev}, A.~M. and {Baselmans}, J.~J.~A. and {Doyle}, S. and 
	{Klein}, B. and {Roesch}, M. and {Tucker}, C. and {Ade}, P. and 
	{Calvo}, M. and {Camus}, P. and {Giordano}, C. and {Guesten}, R. and 
	{Hoffmann}, C. and {Leclercq}, S. and {Mauskopf}, P. and {Schuster}, K.~F.
	},
    title = "{NIKA: A millimeter-wave kinetic inductance camera}",
  journal = {\aap},
archivePrefix = "arXiv",
   eprint = {1004.2209},
 primaryClass = "astro-ph.IM",
 keywords = {instrumentation: detectors, submillimeter: general},
     year = 2010,
    month = oct,
   volume = 521,
      eid = {A29},
    pages = {A29},
      doi = {10.1051/0004-6361/201014727},
   adsurl = {http://adsabs.harvard.edu/abs/2010A%26A...521A..29M},
  adsnote = {Provided by the SAO/NASA Astrophysics Data System}
}


@ARTICLE{2016JLTP..184..816C,
   author = {{Calvo}, M. and {Beno{\^i}t}, A. and {Catalano}, A. and {Goupy}, J. and 
	{Monfardini}, A. and {Ponthieu}, N. and {Barria}, E. and {Bres}, G. and 
	{Grollier}, M. and {Garde}, G. and {Leggeri}, J.-P. and {Pont}, G. and 
	{Triqueneaux}, S. and {Adam}, R. and {Bourrion}, O. and {Mac{\'{\i}}as-P{\'e}rez}, J.-F. and 
	{Rebolo}, M. and {Ritacco}, A. and {Scordilis}, J.-P. and {Tourres}, D. and 
	{Adane}, A. and {Coiffard}, G. and {Leclercq}, S. and {D{\'e}sert}, F.-X. and 
	{Doyle}, S. and {Mauskopf}, P. and {Tucker}, C. and {Ade}, P. and 
	{Andr{\'e}}, P. and {Beelen}, A. and {Belier}, B. and {Bideaud}, A. and 
	{Billot}, N. and {Comis}, B. and {D'Addabbo}, A. and {Kramer}, C. and 
	{Martino}, J. and {Mayet}, F. and {Pajot}, F. and {Pascale}, E. and 
	{Perotto}, L. and {Rev{\'e}ret}, V. and {Ritacco}, A. and {Rodriguez}, L. and 
	{Savini}, G. and {Schuster}, K. and {Sievers}, A. and {Zylka}, R.
	},
    title = "{The NIKA2 Instrument, A Dual-Band Kilopixel KID Array for Millimetric Astronomy}",
  journal = {Journal of Low Temperature Physics},
archivePrefix = "arXiv",
   eprint = {1601.02774},
 primaryClass = "astro-ph.IM",
 keywords = {Kinetic inductance detectors, mm-wave astronomy},
     year = 2016,
    month = aug,
   volume = 184,
    pages = {816-823},
      doi = {10.1007/s10909-016-1582-0},
   adsurl = {http://adsabs.harvard.edu/abs/2016JLTP..184..816C},
  adsnote = {Provided by the SAO/NASA Astrophysics Data System}
}

@INPROCEEDINGS{2007stt..conf...93K,
   author = {{Kuzmin}, L. and {Yassin}, G. and {Withington}, S. and {Grimes}, P.
	},
    title = "{An Antenna Coupled Cold-Electron Bolometer for High Performance Cosmology Instruments}",
booktitle = {Eighteenth International Symposium on Space Terahertz Technology},
     year = 2007,
   editor = {{Karpov}, A.},
    pages = {93},
   adsurl = {http://adsabs.harvard.edu/abs/2007stt..conf...93K},
  adsnote = {Provided by the SAO/NASA Astrophysics Data System}
}

@PhDThesis{Calvo2008,
title = {Development of Kinetic Inductance Detectors for the study of the Cosmic Microwave Background Polarization},
author = {{Calvo}, M.},
school = {Sapienza University},
year = {2008}}

@ARTICLE{2008PhRvD..77h3003S,
   author = {{Shimon}, M. and {Keating}, B. and {Ponthieu}, N. and {Hivon}, E.
	},
    title = "{CMB polarization systematics due to beam asymmetry: Impact on inflationary science}",
  journal = {\prd},
archivePrefix = "arXiv",
   eprint = {0709.1513},
 keywords = {Background radiations},
     year = 2008,
    month = apr,
   volume = 77,
   number = 8,
      eid = {083003},
    pages = {083003},
      doi = {10.1103/PhysRevD.77.083003},
   adsurl = {http://adsabs.harvard.edu/abs/2008PhRvD..77h3003S},
  adsnote = {Provided by the SAO/NASA Astrophysics Data System}
}

@ARTICLE{quickpol,
   author = {{Hivon}, E. and {Mottet}, S. and {Ponthieu}, N.
	},
    title = "{QuickPol:Fast calculation of effective beam matrices for CMB polarization}",
  journal = {\aap},
     year = 2016,
    month = Nov,
   volume = 598,
    pages = {A25},
}

@ARTICLE{2016arXiv160907263D,
   author = {{De Zotti}, G. and {Gonzalez-Nuevo}, J. and {Lopez-Caniego}, M. and 
	{Negrello}, M. and {Greenslade}, J. and {Hernandez-Monteagudo}, C. and 
	{Delabrouille}, J. and {Cai}, Z.-Y. and {Bonato}, M. and {Achucarro}, A. and 
	{Ade}, P. and {Allison}, R. and {Ashdown}, M. and {Ballardini}, M. and 
	{Banday}, A.~J. and {Banerji}, R. and {Bartlett}, J.~G. and 
	{Bartolo}, N. and {Basak}, S. and {Bersanelli}, M. and {Biesiada}, M. and 
	{Bilicki}, M. and {Bonaldi}, A. and {Borrill}, J. and {Bouchet}, F. and 
	{Boulanger}, F. and {Brinckmann}, T. and {Bucher}, M. and {Burigana}, C. and 
	{Buzzelli}, A. and {Calvo}, M. and {Carvalho}, C.~S. and {Castellano}, M.~G. and 
	{Challinor}, A. and {Chluba}, J. and {Clements}, D.~L. and {Clesse}, S. and 
	{Colafrancesco}, S. and {Colantoni}, I. and {Coppolecchia}, A. and 
	{Crook}, M. and {D'Alessandro}, G. and {de Bernardis}, P. and 
	{de Gasperis}, G. and {Diego}, J.~M. and {Di Valentino}, E. and 
	{Errard}, J. and {Feeney}, S.~M. and {Fernandez-Cobos}, R. and 
	{Ferraro}, S. and {Finelli}, F. and {Forastieri}, F. and {Galli}, S. and 
	{Genova-Santos}, R.~T. and {Gerbino}, M. and {Grandis}, S. and 
	{Hagstotz}, S. and {Hanany}, S. and {Handley}, W. and {Hervias-Caimapo}, C. and 
	{Hills}, M. and {Hivon}, E. and {Kiiveri}, K. and {Kisner}, T. and 
	{Kitching}, T. and {Kunz}, M. and {Kurki-Suonio}, H. and {Lagache}, G. and 
	{Lamagna}, L. and {Lasenby}, A. and {Lattanzi}, M. and {Le Brun}, A. and 
	{Lesgourgues}, J. and {Lewis}, A. and {Liguori}, M. and {Lindholm}, V. and 
	{Luzzi}, G. and {Maffei}, B. and {Mandolesi}, N. and {Martinez-Gonzalez}, E. and 
	{Martins}, C.~J.~A.~P. and {Masi}, S. and {Massardi}, M. and 
	{McCarthy}, D. and {Melchiorri}, A. and {Melin}, J.-B. and {Molinari}, D. and 
	{Monfardini}, A. and {Natoli}, P. and {Notari}, A. and {Paiella}, A. and 
	{Paoletti}, D. and {Partridge}, R.~B. and {Patanchon}, G. and 
	{Piat}, M. and {Pisano}, G. and {Polastri}, L. and {Polenta}, G. and 
	{Pollo}, A. and {Poulin}, V. and {Quartin}, M. and {Remazeilles}, M. and 
	{Roman}, M. and {Rossi}, G. and {Roukema}, B.~F. and {Rubino-Martin}, J.-A. and 
	{Salvati}, L. and {Scott}, D. and {Serjeant}, S. and {Tartari}, A. and 
	{Toffolatti}, L. and {Tomasi}, M. and {Trappe}, N. and {Triqueneaux}, S. and 
	{Trombetti}, T. and {Tucci}, M. and {Tucker}, C. and {Valiviita}, J. and 
	{van de Weygaert}, R. and {Van Tent}, B. and {Vennin}, V. and 
	{Vielva}, P. and {Vittorio}, N. and {Young}, K. and {for the CORE collaboration}
	},
    title = "{Exploring Cosmic Origins with CORE: Extragalactic sources in Cosmic Microwave Background maps}",
  journal = {ArXiv e-prints},
archivePrefix = "arXiv",
   eprint = {1609.07263},
 keywords = {Astrophysics - Astrophysics of Galaxies, Astrophysics - Cosmology and Nongalactic Astrophysics},
     year = 2016,
    month = sep,
   adsurl = {http://adsabs.harvard.edu/abs/2016arXiv160907263D},
  adsnote = {Provided by the SAO/NASA Astrophysics Data System}
}

@ARTICLE{2013A&A...551L..12C,
   author = {{Calvo}, M. and {Roesch}, M. and {D{\'e}sert}, F.-X. and {Monfardini}, A. and 
	{Benoit}, A. and {Mauskopf}, P. and {Ade}, P. and {Boudou}, N. and 
	{Bourrion}, O. and {Camus}, P. and {Cruciani}, A. and {Doyle}, S. and 
	{Hoffmann}, C. and {Leclercq}, S. and {Macias-Perez}, J.~F. and 
	{Ponthieu}, N. and {Schuster}, K.~F. and {Tucker}, C. and {Vescovi}, C.
	},
    title = "{Improved mm-wave photometry for kinetic inductance detectors}",
  journal = {\aap},
 keywords = {instrumentation: detectors, methods: observational, telescopes, techniques: photometric},
     year = 2013,
    month = mar,
   volume = 551,
      eid = {L12},
    pages = {L12},
      doi = {10.1051/0004-6361/201219854},
   adsurl = {http://adsabs.harvard.edu/abs/2013A%26A...551L..12C},
  adsnote = {Provided by the SAO/NASA Astrophysics Data System}
}

@ARTICLE{2010ApPhL..96z3511S,
   author = {{Swenson}, L.~J. and {Cruciani}, A. and {Benoit}, A. and {Roesch}, M. and 
	{Yung}, C.~S. and {Bideaud}, A. and {Monfardini}, A.},
    title = "{High-speed phonon imaging using frequency-multiplexed kinetic inductance detectors}",
  journal = {Applied Physics Letters},
archivePrefix = "arXiv",
   eprint = {1004.5066},
 primaryClass = "physics.ins-det",
 keywords = {elemental semiconductors, high-speed techniques, microwave detectors, phonons, photon counting, quantum computing, readout electronics, silicon, superconducting microwave devices, superconducting resonators, Superconducting infrared submillimeter and millimeter wave detectors, Bolometers, infrared submillimeter wave microwave and radiowave receivers and detectors, High-speed techniques},
     year = 2010,
    month = jun,
   volume = 96,
   number = 26,
      eid = {263511},
    pages = {263511},
      doi = {10.1063/1.3459142},
   adsurl = {http://adsabs.harvard.edu/abs/2010ApPhL..96z3511S},
  adsnote = {Provided by the SAO/NASA Astrophysics Data System}
}

@ARTICLE{2008ApPhL..93m4102G,
   author = {{Grabovskij}, G.~J. and {Swenson}, L.~J. and {Buisson}, O. and 
	{Hoffmann}, C. and {Monfardini}, A. and {Vill{\'e}gier}, J.-C.
	},
    title = "{In situ measurement of the permittivity of helium using microwave NbN resonators}",
  journal = {Applied Physics Letters},
archivePrefix = "arXiv",
   eprint = {0809.4919},
 primaryClass = "cond-mat.other",
 keywords = {Permittivity},
     year = 2008,
    month = sep,
   volume = 93,
   number = 13,
      eid = {134102},
    pages = {134102},
      doi = {10.1063/1.2996263},
   adsurl = {http://adsabs.harvard.edu/abs/2008ApPhL..93m4102G},
  adsnote = {Provided by the SAO/NASA Astrophysics Data System}
}

@ARTICLE{2016A&A...592A..26C,
   author = {{Catalano}, A. and {Benoit}, A. and {Bourrion}, O. and {Calvo}, M. and 
	{Coiffard}, G. and {D'Addabbo}, A. and {Goupy}, J. and {Le Sueur}, H. and 
	{Mac{\'{\i}}as-P{\'e}rez}, J. and {Monfardini}, A.},
    title = "{Maturity of lumped element kinetic inductance detectors for space-borne instruments in the range between 80 and 180 GHz}",
  journal = {\aap},
archivePrefix = "arXiv",
   eprint = {1511.02652},
 primaryClass = "astro-ph.IM",
 keywords = {instrumentation: detectors, space vehicles: instruments, cosmic background radiation},
     year = 2016,
    month = jul,
   volume = 592,
      eid = {A26},
    pages = {A26},
      doi = {10.1051/0004-6361/201527715},
   adsurl = {http://adsabs.harvard.edu/abs/2016A%26A...592A..26C},
  adsnote = {Provided by the SAO/NASA Astrophysics Data System}
}

@ARTICLE{2014A&A...571A..10P,
   author = {{Planck Collaboration} and {Ade}, P.~A.~R. and {Aghanim}, N. and 
	{Armitage-Caplan}, C. and {Arnaud}, M. and {Ashdown}, M. and 
	{Atrio-Barandela}, F. and {Aumont}, J. and {Baccigalupi}, C. and 
	{Banday}, A.~J. and et al.},
    title = "{Planck 2013 results. X. HFI energetic particle effects: characterization, removal, and simulation}",
  journal = {\aap},
archivePrefix = "arXiv",
   eprint = {1303.5071},
 keywords = {cosmic background radiation, cosmology: observations, instrumentation: detectors, space vehicles: instruments, methods: data analysis},
     year = 2014,
    month = nov,
   volume = 571,
      eid = {A10},
    pages = {A10},
      doi = {10.1051/0004-6361/201321577},
   adsurl = {http://adsabs.harvard.edu/abs/2014A%26A...571A..10P},
  adsnote = {Provided by the SAO/NASA Astrophysics Data System}
}

@INPROCEEDINGS{2016SPIE.9914E..0NM,
   author = {{Monfardini}, A. and {Baselmans}, J. and {Benoit}, A. and {Bideaud}, A. and 
	{Bourrion}, O. and {Catalano}, A. and {Calvo}, M. and {D'Addabbo}, A. and 
	{Doyle}, S. and {Goupy}, J. and {Le Sueur}, H. and {Macias-Perez}, J.
	},
    title = "{Lumped element kinetic inductance detectors for space applications}",
booktitle = {Millimeter, Submillimeter, and Far-Infrared Detectors and Instrumentation for Astronomy VIII},
     year = 2016,
   series = {\procspie},
   volume = 9914,
archivePrefix = "arXiv",
   eprint = {1606.00719},
 primaryClass = "astro-ph.IM",
    month = jul,
      eid = {99140N},
    pages = {99140N},
      doi = {10.1117/12.2231758},
   adsurl = {http://adsabs.harvard.edu/abs/2016SPIE.9914E..0NM},
  adsnote = {Provided by the SAO/NASA Astrophysics Data System}
}

@ARTICLE{2012ApPhL.100w2601M,
   author = {{Moore}, D.~C. and {Golwala}, S.~R. and {Bumble}, B. and {Cornell}, B. and 
	{Day}, P.~K. and {LeDuc}, H.~G. and {Zmuidzinas}, J.},
    title = "{Position and energy-resolved particle detection using phonon-mediated microwave kinetic inductance detectors}",
  journal = {Applied Physics Letters},
archivePrefix = "arXiv",
   eprint = {1203.4549},
 primaryClass = "astro-ph.IM",
 keywords = {silicon radiation detectors, transition radiation detectors, Tracking and position-sensitive detectors, Solid-state detectors},
     year = 2012,
    month = jun,
   volume = 100,
   number = 23,
      eid = {232601},
    pages = {232601},
      doi = {10.1063/1.4726279},
   adsurl = {http://adsabs.harvard.edu/abs/2012ApPhL.100w2601M},
  adsnote = {Provided by the SAO/NASA Astrophysics Data System}
}

@ARTICLE{2014JLTP..176..787M,
   author = {{Monfardini}, A. and {Adam}, R. and {Adane}, A. and {Ade}, P. and 
	{Andr{\'e}}, P. and {Beelen}, A. and {Belier}, B. and {Benoit}, A. and 
	{Bideaud}, A. and {Billot}, N. and {Bourrion}, O. and {Calvo}, M. and 
	{Catalano}, A. and {Coiffard}, G. and {Comis}, B. and {D'Addabbo}, A. and 
	{D{\'e}sert}, F.-X. and {Doyle}, S. and {Goupy}, J. and {Kramer}, C. and 
	{Leclercq}, S. and {Macias-Perez}, J. and {Martino}, J. and 
	{Mauskopf}, P. and {Mayet}, F. and {Pajot}, F. and {Pascale}, E. and 
	{Ponthieu}, N. and {Rev{\'e}ret}, V. and {Rodriguez}, L. and 
	{Savini}, G. and {Schuster}, K. and {Sievers}, A. and {Tucker}, C. and 
	{Zylka}, R.},
    title = "{Latest NIKA Results and the NIKA-2 Project}",
  journal = {Journal of Low Temperature Physics},
archivePrefix = "arXiv",
   eprint = {1310.1230},
 primaryClass = "astro-ph.IM",
 keywords = {Kinetic inductance detectors, Millimeter astronomy, Superconducting detectors},
     year = 2014,
    month = sep,
   volume = 176,
    pages = {787-795},
      doi = {10.1007/s10909-013-0985-4},
   adsurl = {http://adsabs.harvard.edu/abs/2014JLTP..176..787M},
  adsnote = {Provided by the SAO/NASA Astrophysics Data System}
}

@ARTICLE{2014A&A...569A...9C,
   author = {{Catalano}, A. and {Calvo}, M. and {Ponthieu}, N. and {Adam}, R. and 
	{Adane}, A. and {Ade}, P. and {Andr{\'e}}, P. and {Beelen}, A. and 
	{Belier}, B. and {Beno{\^i}t}, A. and {Bideaud}, A. and {Billot}, N. and 
	{Boudou}, N. and {Bourrion}, O. and {Coiffard}, G. and {Comis}, B. and 
	{D'Addabbo}, A. and {D{\'e}sert}, F.-X. and {Doyle}, S. and 
	{Goupy}, J. and {Kramer}, C. and {Leclercq}, S. and {Mac{\'{\i}}as-P{\'e}rez}, J.~F. and 
	{Martino}, J. and {Mauskopf}, P. and {Mayet}, F. and {Monfardini}, A. and 
	{Pajot}, F. and {Pascale}, E. and {Perotto}, L. and {Rev{\'e}ret}, V. and 
	{Rodriguez}, L. and {Savini}, G. and {Schuster}, K. and {Sievers}, A. and 
	{Tucker}, C. and {Zylka}, R.},
    title = "{Performance and calibration of the NIKA camera at the IRAM 30 m telescope}",
  journal = {\aap},
archivePrefix = "arXiv",
   eprint = {1402.0260},
 primaryClass = "astro-ph.IM",
 keywords = {methods: observational, submillimeter: general, submillimeter: galaxies, submillimeter: ISM},
     year = 2014,
    month = sep,
   volume = 569,
      eid = {A9},
    pages = {A9},
      doi = {10.1051/0004-6361/201423557},
   adsurl = {http://adsabs.harvard.edu/abs/2014A%26A...569A...9C},
  adsnote = {Provided by the SAO/NASA Astrophysics Data System}
}

@ARTICLE{2007ApJ...665...42J,
   author = {{Johnson}, B.~R. and {Collins}, J. and {Abroe}, M.~E. and {Ade}, P.~A.~R. and 
	{Bock}, J. and {Borrill}, J. and {Boscaleri}, A. and {de Bernardis}, P. and 
	{Hanany}, S. and {Jaffe}, A.~H. and {Jones}, T. and {Lee}, A.~T. and 
	{Levinson}, L. and {Matsumura}, T. and {Rabii}, B. and {Renbarger}, T. and 
	{Richards}, P.~L. and {Smoot}, G.~F. and {Stompor}, R. and {Tran}, H.~T. and 
	{Winant}, C.~D. and {Wu}, J.~H.~P. and {Zuntz}, J.},
    title = "{MAXIPOL: Cosmic Microwave Background Polarimetry Using a Rotating Half-Wave Plate}",
  journal = {\apj},
   eprint = {astro-ph/0611394},
 keywords = {Polarization},
     year = 2007,
    month = aug,
   volume = 665,
    pages = {42-54},
      doi = {10.1086/518105},
   adsurl = {http://adsabs.harvard.edu/abs/2007ApJ...665...42J},
  adsnote = {Provided by the SAO/NASA Astrophysics Data System}
}


@ARTICLE{2017JCAP...05..008T,
   author = {{Takakura}, S. and {Aguilar}, M. and {Akiba}, Y. and {Arnold}, K. and 
	{Baccigalupi}, C. and {Barron}, D. and {Beckman}, S. and {Boettger}, D. and 
	{Borrill}, J. and {Chapman}, S. and {Chinone}, Y. and {Cukierman}, A. and 
	{Ducout}, A. and {Elleflot}, T. and {Errard}, J. and {Fabbian}, G. and 
	{Fujino}, T. and {Galitzki}, N. and {Goeckner-Wald}, N. and 
	{Halverson}, N.~W. and {Hasegawa}, M. and {Hattori}, K. and 
	{Hazumi}, M. and {Hill}, C. and {Howe}, L. and {Inoue}, Y. and 
	{Jaffe}, A.~H. and {Jeong}, O. and {Kaneko}, D. and {Katayama}, N. and 
	{Keating}, B. and {Keskitalo}, R. and {Kisner}, T. and {Krachmalnicoff}, N. and 
	{Kusaka}, A. and {Lee}, A.~T. and {Leon}, D. and {Lowry}, L. and 
	{Matsuda}, F. and {Matsumura}, T. and {Navaroli}, M. and {Nishino}, H. and 
	{Paar}, H. and {Peloton}, J. and {Poletti}, D. and {Puglisi}, G. and 
	{Reichardt}, C.~L. and {Ross}, C. and {Siritanasak}, P. and 
	{Suzuki}, A. and {Tajima}, O. and {Takatori}, S. and {Teply}, G.
	},
    title = "{Performance of a continuously rotating half-wave plate on the POLARBEAR telescope}",
  journal = {\jcap},
archivePrefix = "arXiv",
   eprint = {1702.07111},
 primaryClass = "astro-ph.IM",
     year = 2017,
    month = may,
   volume = 5,
      eid = {008},
    pages = {008},
      doi = {10.1088/1475-7516/2017/05/008},
   adsurl = {http://adsabs.harvard.edu/abs/2017JCAP...05..008T},
  adsnote = {Provided by the SAO/NASA Astrophysics Data System}
}

@INPROCEEDINGS{2010SPIE.7741E..1CR,
   author = {{Reichborn-Kjennerud}, B. and {Aboobaker}, A.~M. and {Ade}, P. and 
	{Aubin}, F. and {Baccigalupi}, C. and {Bao}, C. and {Borrill}, J. and 
	{Cantalupo}, C. and {Chapman}, D. and {Didier}, J. and {Dobbs}, M. and 
	{Grain}, J. and {Grainger}, W. and {Hanany}, S. and {Hillbrand}, S. and 
	{Hubmayr}, J. and {Jaffe}, A. and {Johnson}, B. and {Jones}, T. and 
	{Kisner}, T. and {Klein}, J. and {Korotkov}, A. and {Leach}, S. and 
	{Lee}, A. and {Levinson}, L. and {Limon}, M. and {MacDermid}, K. and 
	{Matsumura}, T. and {Meng}, X. and {Miller}, A. and {Milligan}, M. and 
	{Pascale}, E. and {Polsgrove}, D. and {Ponthieu}, N. and {Raach}, K. and 
	{Sagiv}, I. and {Smecher}, G. and {Stivoli}, F. and {Stompor}, R. and 
	{Tran}, H. and {Tristram}, M. and {Tucker}, G.~S. and {Vinokurov}, Y. and 
	{Yadav}, A. and {Zaldarriaga}, M. and {Zilic}, K.},
    title = "{EBEX: a balloon-borne CMB polarization experiment}",
booktitle = {Millimeter, Submillimeter, and Far-Infrared Detectors and Instrumentation for Astronomy V},
     year = 2010,
   series = {\procspie},
   volume = 7741,
archivePrefix = "arXiv",
   eprint = {1007.3672},
    month = jul,
      eid = {77411C},
    pages = {77411C},
      doi = {10.1117/12.857138},
   adsurl = {http://adsabs.harvard.edu/abs/2010SPIE.7741E..1CR},
  adsnote = {Provided by the SAO/NASA Astrophysics Data System}
}

@ARTICLE{2018ApJS..239....7T,
   author = {{The EBEX Collaboration} and {Aboobaker}, A.~M. and {Ade}, P. and 
	{Araujo}, D. and {Aubin}, F. and {Baccigalupi}, C. and {Bao}, C. and 
	{Chapman}, D. and {Didier}, J. and {Dobbs}, M. and {Geach}, C. and 
	{Grainger}, W. and {Hanany}, S. and {Helson}, K. and {Hillbrand}, S. and 
	{Hubmayr}, J. and {Jaffe}, A. and {Johnson}, B. and {Jones}, T. and 
	{Klein}, J. and {Korotkov}, A. and {Lee}, A. and {Levinson}, L. and 
	{Limon}, M. and {MacDermid}, K. and {Matsumura}, T. and {Miller}, A.~D. and 
	{Milligan}, M. and {Raach}, K. and {Reichborn-Kjennerud}, B. and 
	{Sagiv}, I. and {Savini}, G. and {Spencer}, L. and {Tucker}, C. and 
	{Tucker}, G.~S. and {Westbrook}, B. and {Young}, K. and {Zilic}, K.
	},
    title = "{The EBEX Balloon-borne Experiment{\mdash}Optics, Receiver, and Polarimetry}",
  journal = {\apjs},
archivePrefix = "arXiv",
   eprint = {1703.03847},
 primaryClass = "astro-ph.IM",
 keywords = {balloons, cosmic background radiation, cosmology: observations, instrumentation: polarimeters, polarization },
     year = 2018,
    month = nov,
   volume = 239,
      eid = {7},
    pages = {7},
      doi = {10.3847/1538-4365/aae434},
   adsurl = {http://adsabs.harvard.edu/abs/2018ApJS..239....7T},
  adsnote = {Provided by the SAO/NASA Astrophysics Data System}
}

@ARTICLE{2017A&A...599A..34R,
   author = {{Ritacco}, A. and {Ponthieu}, N. and {Catalano}, A. and {Adam}, R. and 
	{Ade}, P. and {Andr{\'e}}, P. and {Beelen}, A. and {Beno{\^i}t}, A. and 
	{Bideaud}, A. and {Billot}, N. and {Bourrion}, O. and {Calvo}, M. and 
	{Coiffard}, G. and {Comis}, B. and {D{\'e}sert}, F.-X. and {Doyle}, S. and 
	{Goupy}, J. and {Kramer}, C. and {Leclercq}, S. and {Mac{\'{\i}}as-P{\'e}rez}, J.~F. and 
	{Mauskopf}, P. and {Maury}, A. and {Mayet}, F. and {Monfardini}, A. and 
	{Pajot}, F. and {Pascale}, E. and {Perotto}, L. and {Pisano}, G. and 
	{Rebolo-Iglesias}, M. and {Rev{\'e}ret}, V. and {Rodriguez}, L. and 
	{Romero}, C. and {Ruppin}, F. and {Savini}, G. and {Schuster}, K. and 
	{Sievers}, A. and {Thum}, C. and {Triqueneaux}, S. and {Tucker}, C. and 
	{Zylka}, R.},
    title = "{Polarimetry at millimeter wavelengths with the NIKA camera: calibration and performance}",
  journal = {\aap},
archivePrefix = "arXiv",
   eprint = {1609.02042},
 primaryClass = "astro-ph.IM",
 keywords = {ISM: magnetic fields, polarization, ISM: clouds, instrumentation: polarimeters},
     year = 2017,
    month = mar,
   volume = 599,
      eid = {A34},
    pages = {A34},
      doi = {10.1051/0004-6361/201629666},
   adsurl = {http://adsabs.harvard.edu/abs/2017A%26A...599A..34R},
  adsnote = {Provided by the SAO/NASA Astrophysics Data System}
}

@ARTICLE{2015IJMPD..2430004B,
   author = {{Bucher}, M.},
    title = "{Physics of the cosmic microwave background anisotropy}",
  journal = {International Journal of Modern Physics D},
archivePrefix = "arXiv",
   eprint = {1501.04288},
 keywords = {Cosmic microwave background, early universe, inflationary cosmology, polarized dust emission, Background radiations, Origin and formation of the Universe, Particle-theory and field-theory models of the early Universe, Observational cosmology},
     year = 2015,
    month = jan,
   volume = 24,
      eid = {1530004-303},
    pages = {1530004-303},
      doi = {10.1142/S0218271815300049},
   adsurl = {http://adsabs.harvard.edu/abs/2015IJMPD..2430004B},
  adsnote = {Provided by the SAO/NASA Astrophysics Data System}
}

@ARTICLE{2009arXiv0906.1188B,
   author = {{Bock}, J. and {Aljabri}, A. and {Amblard}, A. and {Baumann}, D. and 
	{Betoule}, M. and {Chui}, T. and {Colombo}, L. and {Cooray}, A. and 
	{Crumb}, D. and {Day}, P. and {Dickinson}, C. and {Dowell}, D. and 
	{Dragovan}, M. and {Golwala}, S. and {Gorski}, K. and {Hanany}, S. and 
	{Holmes}, W. and {Irwin}, K. and {Johnson}, B. and {Keating}, B. and 
	{Kuo}, C.-L. and {Lee}, A. and {Lange}, A. and {Lawrence}, C. and 
	{Meyer}, S. and {Miller}, N. and {Nguyen}, H. and {Pierpaoli}, E. and 
	{Ponthieu}, N. and {Puget}, J.-L. and {Raab}, J. and {Richards}, P. and 
	{Satter}, C. and {Seiffert}, M. and {Shimon}, M. and {Tran}, H. and 
	{Williams}, B. and {Zmuidzinas}, J.},
    title = "{Study of the Experimental Probe of Inflationary Cosmology (EPIC)-Intemediate Mission for NASA's Einstein Inflation Probe}",
  journal = {ArXiv e-prints},
archivePrefix = "arXiv",
   eprint = {0906.1188},
 primaryClass = "astro-ph.CO",
 keywords = {Astrophysics - Cosmology and Extragalactic Astrophysics, Astrophysics - Instrumentation and Methods for Astrophysics},
     year = 2009,
    month = jun,
   adsurl = {http://adsabs.harvard.edu/abs/2009arXiv0906.1188B},
  adsnote = {Provided by the SAO/NASA Astrophysics Data System}
}

@ARTICLE{2005A&A...430..363D,
   author = {{Dupac}, X. and {Tauber}, J.},
    title = "{Scanning strategy for mapping the Cosmic Microwave Background anisotropies with Planck}",
  journal = {\aap},
   eprint = {astro-ph/0409405},
 keywords = {cosmic microwave background, methods: observational},
     year = 2005,
    month = jan,
   volume = 430,
    pages = {363-371},
      doi = {10.1051/0004-6361:20041526},
   adsurl = {http://adsabs.harvard.edu/abs/2005A%26A...430..363D},
  adsnote = {Provided by the SAO/NASA Astrophysics Data System}
}

@ARTICLE{2005ApJ...622..759G,
   author = {{G{\'o}rski}, K.~M. and {Hivon}, E. and {Banday}, A.~J. and 
	{Wandelt}, B.~D. and {Hansen}, F.~K. and {Reinecke}, M. and 
	{Bartelmann}, M.},
    title = "{HEALPix: A Framework for High-Resolution Discretization and Fast Analysis of Data Distributed on the Sphere}",
  journal = {\apj},
   eprint = {astro-ph/0409513},
 keywords = {Cosmology: Cosmic Microwave Background, Cosmology: Observations, Methods: Statistical},
     year = 2005,
    month = apr,
   volume = 622,
    pages = {759-771},
      doi = {10.1086/427976},
   adsurl = {http://adsabs.harvard.edu/abs/2005ApJ...622..759G},
  adsnote = {Provided by the SAO/NASA Astrophysics Data System}
}

@ARTICLE{1992ApJ...396L...1S,
   author = {{Smoot}, G.~F. and {Bennett}, C.~L. and {Kogut}, A. and {Wright}, E.~L. and 
	{Aymon}, J. and {Boggess}, N.~W. and {Cheng}, E.~S. and {de Amici}, G. and 
	{Gulkis}, S. and {Hauser}, M.~G. and {Hinshaw}, G. and {Jackson}, P.~D. and 
	{Janssen}, M. and {Kaita}, E. and {Kelsall}, T. and {Keegstra}, P. and 
	{Lineweaver}, C. and {Loewenstein}, K. and {Lubin}, P. and {Mather}, J. and 
	{Meyer}, S.~S. and {Moseley}, S.~H. and {Murdock}, T. and {Rokke}, L. and 
	{Silverberg}, R.~F. and {Tenorio}, L. and {Weiss}, R. and {Wilkinson}, D.~T.
	},
    title = "{Structure in the COBE differential microwave radiometer first-year maps}",
  journal = {\apjl},
 keywords = {Cosmic Background Explorer Satellite, Microwave Radiometers, Normal Density Functions, Relic Radiation, Root-Mean-Square Errors, Astronomical Maps, Milky Way Galaxy},
     year = 1992,
    month = sep,
   volume = 396,
    pages = {L1-L5},
      doi = {10.1086/186504},
   adsurl = {http://adsabs.harvard.edu/abs/1992ApJ...396L...1S},
  adsnote = {Provided by the SAO/NASA Astrophysics Data System}
}

@ARTICLE{2013ApJS..208...20B,
   author = {{Bennett}, C.~L. and {Larson}, D. and {Weiland}, J.~L. and {Jarosik}, N. and 
	{Hinshaw}, G. and {Odegard}, N. and {Smith}, K.~M. and {Hill}, R.~S. and 
	{Gold}, B. and {Halpern}, M. and {Komatsu}, E. and {Nolta}, M.~R. and 
	{Page}, L. and {Spergel}, D.~N. and {Wollack}, E. and {Dunkley}, J. and 
	{Kogut}, A. and {Limon}, M. and {Meyer}, S.~S. and {Tucker}, G.~S. and 
	{Wright}, E.~L.},
    title = "{Nine-year Wilkinson Microwave Anisotropy Probe (WMAP) Observations: Final Maps and Results}",
  journal = {\apjs},
archivePrefix = "arXiv",
   eprint = {1212.5225},
 keywords = {cosmic background radiation, cosmology: observations, dark matter, early universe, instrumentation: detectors, space vehicles, space vehicles: instruments, telescopes},
     year = 2013,
    month = oct,
   volume = 208,
      eid = {20},
    pages = {20},
      doi = {10.1088/0067-0049/208/2/20},
   adsurl = {http://adsabs.harvard.edu/abs/2013ApJS..208...20B},
  adsnote = {Provided by the SAO/NASA Astrophysics Data System}
}

@ARTICLE{2016A&A...594A...1P,
   author = {{Planck Collaboration} and {Adam}, R. and {Ade}, P.~A.~R. and 
	{Aghanim}, N. and {Akrami}, Y. and {Alves}, M.~I.~R. and {Arg{\"u}eso}, F. and 
	{Arnaud}, M. and {Arroja}, F. and {Ashdown}, M. and et al.},
    title = "{Planck 2015 results. I. Overview of products and scientific results}",
  journal = {\aap},
archivePrefix = "arXiv",
   eprint = {1502.01582},
 keywords = {cosmology: observations, cosmic background radiation, surveys, space vehicles: instruments, instrumentation: detectors},
     year = 2016,
    month = sep,
   volume = 594,
      eid = {A1},
    pages = {A1},
      doi = {10.1051/0004-6361/201527101},
   adsurl = {http://adsabs.harvard.edu/abs/2016A%26A...594A...1P},
  adsnote = {Provided by the SAO/NASA Astrophysics Data System}
}

@ARTICLE{1997PhRvD..55.1830Z,
   author = {{Zaldarriaga}, M. and {Seljak}, U.},
    title = "{All-sky analysis of polarization in the microwave background}",
  journal = {\prd},
   eprint = {astro-ph/9609170},
 keywords = {Background radiations, Particle-theory and field-theory models of the early Universe},
     year = 1997,
    month = feb,
   volume = 55,
    pages = {1830-1840},
      doi = {10.1103/PhysRevD.55.1830},
   adsurl = {http://adsabs.harvard.edu/abs/1997PhRvD..55.1830Z},
  adsnote = {Provided by the SAO/NASA Astrophysics Data System}
}

@ARTICLE{1997PhRvD..55.7368K,
   author = {{Kamionkowski}, M. and {Kosowsky}, A. and {Stebbins}, A.},
    title = "{Statistics of cosmic microwave background polarization}",
  journal = {\prd},
   eprint = {astro-ph/9611125},
 keywords = {Background radiations, Particle-theory and field-theory models of the early Universe},
     year = 1997,
    month = jun,
   volume = 55,
    pages = {7368-7388},
      doi = {10.1103/PhysRevD.55.7368},
   adsurl = {http://adsabs.harvard.edu/abs/1997PhRvD..55.7368K},
  adsnote = {Provided by the SAO/NASA Astrophysics Data System}
}

@ARTICLE{2016PhRvL.116c1302B,
   author = {{BICEP2 Collaboration} and {Keck Array Collaboration} and {Ade}, P.~A.~R. and 
	{Ahmed}, Z. and {Aikin}, R.~W. and {Alexander}, K.~D. and {Barkats}, D. and 
	{Benton}, S.~J. and {Bischoff}, C.~A. and {Bock}, J.~J. and 
	{Bowens-Rubin}, R. and {Brevik}, J.~A. and {Buder}, I. and {Bullock}, E. and 
	{Buza}, V. and {Connors}, J. and {Crill}, B.~P. and {Duband}, L. and 
	{Dvorkin}, C. and {Filippini}, J.~P. and {Fliescher}, S. and 
	{Grayson}, J. and {Halpern}, M. and {Harrison}, S. and {Hilton}, G.~C. and 
	{Hui}, H. and {Irwin}, K.~D. and {Karkare}, K.~S. and {Karpel}, E. and 
	{Kaufman}, J.~P. and {Keating}, B.~G. and {Kefeli}, S. and {Kernasovskiy}, S.~A. and 
	{Kovac}, J.~M. and {Kuo}, C.~L. and {Leitch}, E.~M. and {Lueker}, M. and 
	{Megerian}, K.~G. and {Netterfield}, C.~B. and {Nguyen}, H.~T. and 
	{O'Brient}, R. and {Ogburn}, R.~W. and {Orlando}, A. and {Pryke}, C. and 
	{Richter}, S. and {Schwarz}, R. and {Sheehy}, C.~D. and {Staniszewski}, Z.~K. and 
	{Steinbach}, B. and {Sudiwala}, R.~V. and {Teply}, G.~P. and 
	{Thompson}, K.~L. and {Tolan}, J.~E. and {Tucker}, C. and {Turner}, A.~D. and 
	{Vieregg}, A.~G. and {Weber}, A.~C. and {Wiebe}, D.~V. and {Willmert}, J. and 
	{Wong}, C.~L. and {Wu}, W.~L.~K. and {Yoon}, K.~W.},
    title = "{Improved Constraints on Cosmology and Foregrounds from BICEP2 and Keck Array Cosmic Microwave Background Data with Inclusion of 95 GHz Band}",
  journal = {Physical Review Letters},
archivePrefix = "arXiv",
   eprint = {1510.09217},
     year = 2016,
    month = jan,
   volume = 116,
   number = 3,
      eid = {031302},
    pages = {031302},
      doi = {10.1103/PhysRevLett.116.031302},
   adsurl = {http://adsabs.harvard.edu/abs/2016PhRvL.116c1302B},
  adsnote = {Provided by the SAO/NASA Astrophysics Data System}
}

@ARTICLE{2014JLTP..176..733M,
   author = {{Matsumura}, T. and {Akiba}, Y. and {Borrill}, J. and {Chinone}, Y. and 
	{Dobbs}, M. and {Fuke}, H. and {Ghribi}, A. and {Hasegawa}, M. and 
	{Hattori}, K. and {Hattori}, M. and {Hazumi}, M. and {Holzapfel}, W. and 
	{Inoue}, Y. and {Ishidoshiro}, K. and {Ishino}, H. and {Ishitsuka}, H. and 
	{Karatsu}, K. and {Katayama}, N. and {Kawano}, I. and {Kibayashi}, A. and 
	{Kibe}, Y. and {Kimura}, K. and {Kimura}, N. and {Koga}, K. and 
	{Kozu}, M. and {Komatsu}, E. and {Lee}, A. and {Matsuhara}, H. and 
	{Mima}, S. and {Mitsuda}, K. and {Mizukami}, K. and {Morii}, H. and 
	{Morishima}, T. and {Murayama}, S. and {Nagai}, M. and {Nagata}, R. and 
	{Nakamura}, S. and {Naruse}, M. and {Natsume}, K. and {Nishibori}, T. and 
	{Nishino}, H. and {Noda}, A. and {Noguchi}, T. and {Ogawa}, H. and 
	{Oguri}, S. and {Ohta}, I. and {Otani}, C. and {Richards}, P. and 
	{Sakai}, S. and {Sato}, N. and {Sato}, Y. and {Sekimoto}, Y. and 
	{Shimizu}, A. and {Shinozaki}, K. and {Sugita}, H. and {Suzuki}, T. and 
	{Suzuki}, A. and {Tajima}, O. and {Takada}, S. and {Takakura}, S. and 
	{Takei}, Y. and {Tomaru}, T. and {Uzawa}, Y. and {Wada}, T. and 
	{Watanabe}, H. and {Yoshida}, M. and {Yamasaki}, N. and {Yoshida}, T. and 
	{Yotsumoto}, K.},
    title = "{Mission Design of LiteBIRD}",
  journal = {Journal of Low Temperature Physics},
archivePrefix = "arXiv",
   eprint = {1311.2847},
 primaryClass = "astro-ph.IM",
 keywords = {Cosmic microwave background radiation, B-mode polarization, Inflation, Transition edge sensor bolometer for space application},
     year = 2014,
    month = sep,
   volume = 176,
    pages = {733-740},
      doi = {10.1007/s10909-013-0996-1},
   adsurl = {http://adsabs.harvard.edu/abs/2014JLTP..176..733M},
  adsnote = {Provided by the SAO/NASA Astrophysics Data System}
}

@ARTICLE{2011arXiv1102.2181T,
   author = {{The COrE Collaboration} and {Armitage-Caplan}, C. and {Avillez}, M. and 
	{Barbosa}, D. and {Banday}, A. and {Bartolo}, N. and {Battye}, R. and 
	{Bernard}, J. and {de Bernardis}, P. and {Basak}, S. and {Bersanelli}, M. and 
	{Bielewicz}, P. and {Bonaldi}, A. and {Bucher}, M. and {Bouchet}, F. and 
	{Boulanger}, F. and {Burigana}, C. and {Camus}, P. and {Challinor}, A. and 
	{Chongchitnan}, S. and {Clements}, D. and {Colafrancesco}, S. and 
	{Delabrouille}, J. and {De Petris}, M. and {De Zotti}, G. and 
	{Dickinson}, C. and {Dunkley}, J. and {Ensslin}, T. and {Fergusson}, J. and 
	{Ferreira}, P. and {Ferriere}, K. and {Finelli}, F. and {Galli}, S. and 
	{Garcia-Bellido}, J. and {Gauthier}, C. and {Haverkorn}, M. and 
	{Hindmarsh}, M. and {Jaffe}, A. and {Kunz}, M. and {Lesgourgues}, J. and 
	{Liddle}, A. and {Liguori}, M. and {Lopez-Caniego}, M. and {Maffei}, B. and 
	{Marchegiani}, P. and {Martinez-Gonzalez}, E. and {Masi}, S. and 
	{Mauskopf}, P. and {Matarrese}, S. and {Melchiorri}, A. and 
	{Mukherjee}, P. and {Nati}, F. and {Natoli}, P. and {Negrello}, M. and 
	{Pagano}, L. and {Paoletti}, D. and {Peacocke}, T. and {Peiris}, H. and 
	{Perroto}, L. and {Piacentini}, F. and {Piat}, M. and {Piccirillo}, L. and 
	{Pisano}, G. and {Ponthieu}, N. and {Rath}, C. and {Ricciardi}, S. and 
	{Rubino Martin}, J. and {Salatino}, M. and {Shellard}, P. and 
	{Stompor}, R. and {Urrestilla}, L.~T.~J. and {Van Tent}, B. and 
	{Verde}, L. and {Wandelt}, B. and {Withington}, S.},
    title = "{COrE (Cosmic Origins Explorer) A White Paper}",
  journal = {ArXiv e-prints},
archivePrefix = "arXiv",
   eprint = {1102.2181},
 keywords = {Astrophysics - Cosmology and Nongalactic Astrophysics},
     year = 2011,
    month = feb,
   adsurl = {http://adsabs.harvard.edu/abs/2011arXiv1102.2181T},
  adsnote = {Provided by the SAO/NASA Astrophysics Data System}
}

@ARTICLE{2014ApJ...794..171P,
   author = {{Polarbear Collaboration} and {P.~A.~R.~Ade} and {Akiba}, Y. and 
	{Anthony}, A.~E. and {Arnold}, K. and {Atlas}, M. and {Barron}, D. and 
	{Boettger}, D. and {Borrill}, J. and {Chapman}, S. and {Chinone}, Y. and 
	{Dobbs}, M. and {Elleflot}, T. and {Errard}, J. and {Fabbian}, G. and 
	{Feng}, C. and {Flanigan}, D. and {Gilbert}, A. and {Grainger}, W. and 
	{Halverson}, N.~W. and {Hasegawa}, M. and {Hattori}, K. and 
	{Hazumi}, M. and {Holzapfel}, W.~L. and {Hori}, Y. and {Howard}, J. and 
	{Hyland}, P. and {Inoue}, Y. and {Jaehnig}, G.~C. and {Jaffe}, A.~H. and 
	{Keating}, B. and {Kermish}, Z. and {Keskitalo}, R. and {Kisner}, T. and 
	{Le Jeune}, M. and {Lee}, A.~T. and {Leitch}, E.~M. and {Linder}, E. and 
	{Lungu}, M. and {Matsuda}, F. and {Matsumura}, T. and {Meng}, X. and 
	{Miller}, N.~J. and {Morii}, H. and {Moyerman}, S. and {Myers}, M.~J. and 
	{Navaroli}, M. and {Nishino}, H. and {Orlando}, A. and {Paar}, H. and 
	{Peloton}, J. and {Poletti}, D. and {Quealy}, E. and {Rebeiz}, G. and 
	{Reichardt}, C.~L. and {Richards}, P.~L. and {Ross}, C. and 
	{Schanning}, I. and {Schenck}, D.~E. and {Sherwin}, B.~D. and 
	{Shimizu}, A. and {Shimmin}, C. and {Shimon}, M. and {Siritanasak}, P. and 
	{Smecher}, G. and {Spieler}, H. and {Stebor}, N. and {Steinbach}, B. and 
	{Stompor}, R. and {Suzuki}, A. and {Takakura}, S. and {Tomaru}, T. and 
	{Wilson}, B. and {Yadav}, A. and {Zahn}, O.},
    title = "{A Measurement of the Cosmic Microwave Background B-mode Polarization Power Spectrum at Sub-degree Scales with POLARBEAR}",
  journal = {\apj},
archivePrefix = "arXiv",
   eprint = {1403.2369},
 keywords = {cosmic background radiation, cosmology: observations, large-scale structure of universe },
     year = 2014,
    month = oct,
   volume = 794,
      eid = {171},
    pages = {171},
      doi = {10.1088/0004-637X/794/2/171},
   adsurl = {http://adsabs.harvard.edu/abs/2014ApJ...794..171P},
  adsnote = {Provided by the SAO/NASA Astrophysics Data System}
}

@ARTICLE{2008arXiv0805.4207B,
   author = {{Bock}, J. and {Cooray}, A. and {Hanany}, S. and {Keating}, B. and 
	{Lee}, A. and {Matsumura}, T. and {Milligan}, M. and {Ponthieu}, N. and 
	{Renbarger}, T. and {Tran}, H.},
    title = "{The Experimental Probe of Inflationary Cosmology (EPIC): A Mission Concept Study for NASA's Einstein Inflation Probe}",
  journal = {ArXiv e-prints},
archivePrefix = "arXiv",
   eprint = {0805.4207},
 keywords = {Astrophysics},
     year = 2008,
    month = may,
   adsurl = {http://adsabs.harvard.edu/abs/2008arXiv0805.4207B},
  adsnote = {Provided by the SAO/NASA Astrophysics Data System}
}

@MISC{2011ascl.soft02026L,
   author = {{Lewis}, A. and {Challinor}, A.},
    title = "{CAMB: Code for Anisotropies in the Microwave Background}",
 keywords = {Software },
howpublished = {Astrophysics Source Code Library},
     year = 2011,
    month = feb,
archivePrefix = "ascl",
   eprint = {1102.026},
   adsurl = {http://adsabs.harvard.edu/abs/2011ascl.soft02026L},
  adsnote = {Provided by the SAO/NASA Astrophysics Data System}
}

@ARTICLE{1984ApJ...284L..51H,
   author = {{Hildebrand}, R.~H. and {Dragovan}, M. and {Novak}, G.},
    title = "{Detection of submillimeter polarization in the Orion nebula}",
  journal = {\apjl},
 keywords = {Interstellar Radiation, Orion Nebula, Polarized Electromagnetic Radiation, Radio Astronomy, Submillimeter Waves, Far Infrared Radiation, Linear Polarization, Polarimetry},
     year = 1984,
    month = sep,
   volume = 284,
    pages = {L51-L54},
      doi = {10.1086/184351},
   adsurl = {http://adsabs.harvard.edu/abs/1984ApJ...284L..51H},
  adsnote = {Provided by the SAO/NASA Astrophysics Data System}
}


@ARTICLE{2016arXiv161002743A,
   author = {{Abazajian}, K.~N. and {Adshead}, P. and {Ahmed}, Z. and {Allen}, S.~W. and 
	{Alonso}, D. and {Arnold}, K.~S. and {Baccigalupi}, C. and {Bartlett}, J.~G. and 
	{Battaglia}, N. and {Benson}, B.~A. and {Bischoff}, C.~A. and 
	{Borrill}, J. and {Buza}, V. and {Calabrese}, E. and {Caldwell}, R. and 
	{Carlstrom}, J.~E. and {Chang}, C.~L. and {Crawford}, T.~M. and 
	{Cyr-Racine}, F.-Y. and {De Bernardis}, F. and {de Haan}, T. and 
	{di Serego Alighieri}, S. and {Dunkley}, J. and {Dvorkin}, C. and 
	{Errard}, J. and {Fabbian}, G. and {Feeney}, S. and {Ferraro}, S. and 
	{Filippini}, J.~P. and {Flauger}, R. and {Fuller}, G.~M. and 
	{Gluscevic}, V. and {Green}, D. and {Grin}, D. and {Grohs}, E. and 
	{Henning}, J.~W. and {Hill}, J.~C. and {Hlozek}, R. and {Holder}, G. and 
	{Holzapfel}, W. and {Hu}, W. and {Huffenberger}, K.~M. and {Keskitalo}, R. and 
	{Knox}, L. and {Kosowsky}, A. and {Kovac}, J. and {Kovetz}, E.~D. and 
	{Kuo}, C.-L. and {Kusaka}, A. and {Le Jeune}, M. and {Lee}, A.~T. and 
	{Lilley}, M. and {Loverde}, M. and {Madhavacheril}, M.~S. and 
	{Mantz}, A. and {Marsh}, D.~J.~E. and {McMahon}, J. and {Meerburg}, P.~D. and 
	{Meyers}, J. and {Miller}, A.~D. and {Munoz}, J.~B. and {Nguyen}, H.~N. and 
	{Niemack}, M.~D. and {Peloso}, M. and {Peloton}, J. and {Pogosian}, L. and 
	{Pryke}, C. and {Raveri}, M. and {Reichardt}, C.~L. and {Rocha}, G. and 
	{Rotti}, A. and {Schaan}, E. and {Schmittfull}, M.~M. and {Scott}, D. and 
	{Sehgal}, N. and {Shandera}, S. and {Sherwin}, B.~D. and {Smith}, T.~L. and 
	{Sorbo}, L. and {Starkman}, G.~D. and {Story}, K.~T. and {van Engelen}, A. and 
	{Vieira}, J.~D. and {Watson}, S. and {Whitehorn}, N. and {Kimmy Wu}, W.~L.
	},
    title = "{CMB-S4 Science Book, First Edition}",
  journal = {ArXiv e-prints},
archivePrefix = "arXiv",
   eprint = {1610.02743},
 keywords = {Astrophysics - Cosmology and Nongalactic Astrophysics, General Relativity and Quantum Cosmology, High Energy Physics - Phenomenology, High Energy Physics - Theory},
     year = 2016,
    month = oct,
   adsurl = {http://adsabs.harvard.edu/abs/2016arXiv161002743A},
  adsnote = {Provided by the SAO/NASA Astrophysics Data System}
}

@INPROCEEDINGS{2008SPIE.7010E..2PC,
   author = {{Crill}, B.~P. and {Ade}, P.~A.~R. and {Battistelli}, E.~S. and 
	{Benton}, S. and {Bihary}, R. and {Bock}, J.~J. and {Bond}, J.~R. and 
	{Brevik}, J. and {Bryan}, S. and {Contaldi}, C.~R. and {Dor{\'e}}, O. and 
	{Farhang}, M. and {Fissel}, L. and {Golwala}, S.~R. and {Halpern}, M. and 
	{Hilton}, G. and {Holmes}, W. and {Hristov}, V.~V. and {Irwin}, K. and 
	{Jones}, W.~C. and {Kuo}, C.~L. and {Lange}, A.~E. and {Lawrie}, C. and 
	{MacTavish}, C.~J. and {Martin}, T.~G. and {Mason}, P. and {Montroy}, T.~E. and 
	{Netterfield}, C.~B. and {Pascale}, E. and {Riley}, D. and {Ruhl}, J.~E. and 
	{Runyan}, M.~C. and {Trangsrud}, A. and {Tucker}, C. and {Turner}, A. and 
	{Viero}, M. and {Wiebe}, D.},
    title = "{SPIDER: a balloon-borne large-scale CMB polarimeter}",
booktitle = {Space Telescopes and Instrumentation 2008: Optical, Infrared, and Millimeter},
     year = 2008,
   series = {\procspie},
   volume = 7010,
archivePrefix = "arXiv",
   eprint = {0807.1548},
    month = jul,
      eid = {70102P},
    pages = {70102P},
      doi = {10.1117/12.787446},
   adsurl = {http://adsabs.harvard.edu/abs/2008SPIE.7010E..2PC},
  adsnote = {Provided by the SAO/NASA Astrophysics Data System}
}

@ARTICLE{2014MNRAS.437.2772M,
   author = {{Moncelsi}, L. and {Ade}, P.~A.~R. and {Angil{\`e}}, F.~E. and 
	{Benton}, S.~J. and {Devlin}, M.~J. and {Fissel}, L.~M. and 
	{Gandilo}, N.~N. and {Gundersen}, J.~O. and {Matthews}, T.~G. and 
	{Netterfield}, C.~B. and {Novak}, G. and {Nutter}, D. and {Pascale}, E. and 
	{Poidevin}, F. and {Savini}, G. and {Scott}, D. and {Soler}, J.~D. and 
	{Spencer}, L.~D. and {Truch}, M.~D.~P. and {Tucker}, G.~S. and 
	{Zhang}, J.},
    title = "{Empirical modelling of the BLASTPol achromatic half-wave plate for precision submillimetre polarimetry}",
  journal = {\mnras},
archivePrefix = "arXiv",
   eprint = {1208.4866},
 primaryClass = "astro-ph.IM",
 keywords = {magnetic fields, polarization, balloons, instrumentation: polarimeters, techniques: polarimetric, submillimetre: ISM},
     year = 2014,
    month = jan,
   volume = 437,
    pages = {2772-2789},
      doi = {10.1093/mnras/stt2090},
   adsurl = {http://adsabs.harvard.edu/abs/2014MNRAS.437.2772M},
  adsnote = {Provided by the SAO/NASA Astrophysics Data System}
}

@ARTICLE{2014RScI...85c9901K,
   author = {{Kusaka}, A. and {Essinger-Hileman}, T. and {Appel}, J.~W. and 
	{Gallardo}, P. and {Irwin}, K.~D. and {Jarosik}, N. and {Nolta}, M.~R. and 
	{Page}, L.~A. and {Parker}, L.~P. and {Raghunathan}, S. and 
	{Sievers}, J.~L. and {Simon}, S.~M. and {Staggs}, S.~T. and 
	{Visnjic}, K.},
    title = "{Publisher's Note: ``Modulation of cosmic microwave background polarization with a warm rapidly rotating half-wave plate on the Atacama B-Mode Search instrument'' [Rev. Sci. Instrum. 85, 024501 (2014)]}",
  journal = {Review of Scientific Instruments},
archivePrefix = "arXiv",
   eprint = {1310.3711},
 primaryClass = "astro-ph.IM",
     year = 2014,
    month = mar,
   volume = 85,
   number = 3,
      eid = {039901},
    pages = {039901},
      doi = {10.1063/1.4867655},
   adsurl = {http://adsabs.harvard.edu/abs/2014RScI...85c9901K},
  adsnote = {Provided by the SAO/NASA Astrophysics Data System}
}

@INPROCEEDINGS{2012SPIE.8452E..1CK,
   author = {{Kermish}, Z.~D. and {Ade}, P. and {Anthony}, A. and {Arnold}, K. and 
	{Barron}, D. and {Boettger}, D. and {Borrill}, J. and {Chapman}, S. and 
	{Chinone}, Y. and {Dobbs}, M.~A. and {Errard}, J. and {Fabbian}, G. and 
	{Flanigan}, D. and {Fuller}, G. and {Ghribi}, A. and {Grainger}, W. and 
	{Halverson}, N. and {Hasegawa}, M. and {Hattori}, K. and {Hazumi}, M. and 
	{Holzapfel}, W.~L. and {Howard}, J. and {Hyland}, P. and {Jaffe}, A. and 
	{Keating}, B. and {Kisner}, T. and {Lee}, A.~T. and {Le Jeune}, M. and 
	{Linder}, E. and {Lungu}, M. and {Matsuda}, F. and {Matsumura}, T. and 
	{Meng}, X. and {Miller}, N.~J. and {Morii}, H. and {Moyerman}, S. and 
	{Myers}, M.~J. and {Nishino}, H. and {Paar}, H. and {Quealy}, E. and 
	{Reichardt}, C.~L. and {Richards}, P.~L. and {Ross}, C. and 
	{Shimizu}, A. and {Shimon}, M. and {Shimmin}, C. and {Sholl}, M. and 
	{Siritanasak}, P. and {Spieler}, H. and {Stebor}, N. and {Steinbach}, B. and 
	{Stompor}, R. and {Suzuki}, A. and {Tomaru}, T. and {Tucker}, C. and 
	{Zahn}, O.},
    title = "{The POLARBEAR experiment}",
booktitle = {Millimeter, Submillimeter, and Far-Infrared Detectors and Instrumentation for Astronomy VI},
     year = 2012,
   series = {\procspie},
   volume = 8452,
archivePrefix = "arXiv",
   eprint = {1210.7768},
 primaryClass = "astro-ph.IM",
    month = sep,
      eid = {84521C},
    pages = {84521C},
      doi = {10.1117/12.926354},
   adsurl = {http://adsabs.harvard.edu/abs/2012SPIE.8452E..1CK},
  adsnote = {Provided by the SAO/NASA Astrophysics Data System}
}

@ARTICLE{2016JLTP..184..772H,
   author = {{Henderson}, S.~W. and {Allison}, R. and {Austermann}, J. and 
	{Baildon}, T. and {Battaglia}, N. and {Beall}, J.~A. and {Becker}, D. and 
	{De Bernardis}, F. and {Bond}, J.~R. and {Calabrese}, E. and 
	{Choi}, S.~K. and {Coughlin}, K.~P. and {Crowley}, K.~T. and 
	{Datta}, R. and {Devlin}, M.~J. and {Duff}, S.~M. and {Dunkley}, J. and 
	{D{\"u}nner}, R. and {van Engelen}, A. and {Gallardo}, P.~A. and 
	{Grace}, E. and {Hasselfield}, M. and {Hills}, F. and {Hilton}, G.~C. and 
	{Hincks}, A.~D. and {Hlo{\^z}ek}, R. and {Ho}, S.~P. and {Hubmayr}, J. and 
	{Huffenberger}, K. and {Hughes}, J.~P. and {Irwin}, K.~D. and 
	{Koopman}, B.~J. and {Kosowsky}, A.~B. and {Li}, D. and {McMahon}, J. and 
	{Munson}, C. and {Nati}, F. and {Newburgh}, L. and {Niemack}, M.~D. and 
	{Niraula}, P. and {Page}, L.~A. and {Pappas}, C.~G. and {Salatino}, M. and 
	{Schillaci}, A. and {Schmitt}, B.~L. and {Sehgal}, N. and {Sherwin}, B.~D. and 
	{Sievers}, J.~L. and {Simon}, S.~M. and {Spergel}, D.~N. and 
	{Staggs}, S.~T. and {Stevens}, J.~R. and {Thornton}, R. and 
	{Van Lanen}, J. and {Vavagiakis}, E.~M. and {Ward}, J.~T. and 
	{Wollack}, E.~J.},
    title = "{Advanced ACTPol Cryogenic Detector Arrays and Readout}",
  journal = {Journal of Low Temperature Physics},
archivePrefix = "arXiv",
   eprint = {1510.02809},
 primaryClass = "astro-ph.IM",
 keywords = {Bolometers, Cosmic microwave background, Millimeter-wave, Polarimetry, Superconducting detectors, Transition edge sensors},
     year = 2016,
    month = aug,
   volume = 184,
    pages = {772-779},
      doi = {10.1007/s10909-016-1575-z},
   adsurl = {http://adsabs.harvard.edu/abs/2016JLTP..184..772H},
  adsnote = {Provided by the SAO/NASA Astrophysics Data System}
}

@ARTICLE{2009MNRAS.397..634B,
   author = {{Brown}, M.~L. and {Challinor}, A. and {North}, C.~E. and {Johnson}, B.~R. and 
	{O'Dea}, D. and {Sutton}, D.},
    title = "{Impact of modulation on CMB B-mode polarization experiments}",
  journal = {\mnras},
archivePrefix = "arXiv",
   eprint = {0809.4032},
 keywords = {methods: analytical , methods: statistical , cosmic microwave background , cosmology: theory},
     year = 2009,
    month = aug,
   volume = 397,
    pages = {634-656},
      doi = {10.1111/j.1365-2966.2009.14975.x},
   adsurl = {http://adsabs.harvard.edu/abs/2009MNRAS.397..634B},
  adsnote = {Provided by the SAO/NASA Astrophysics Data System}
}


@INPROCEEDINGS{2015fers.confE..16R,
   author = {{Ritacco}, A. and {Adam}, R. and {Adane}, A. and {Ade}, P. and 
	{Andr{\'e}}, P. and {Beelen}, A. and {Beno{\^i}t}, A. and {Bideaud}, A. and 
	{Billot}, N. and {Bourrion}, O. and {Calvo}, M. and {Catalano}, A. and 
	{Coiffard}, G. and {Comis}, B. and {D{\'e}sert}, F.-X. and {Doyle}, S. and 
	{Goupy}, J. and {Kramer}, C. and {Leclerq}, S. and {Mac{\'{\i}}as-P{\'e}rez}, J.~F. and 
	{Mauskopf}, P. and {Maury}, A. and {Mayet}, F. and {Monfardini}, A. and 
	{Pajot}, F. and {Pascale}, E. and {Perotto}, L. and {Pisano}, G. and 
	{Ponthieu}, N. and {Rebolo-Iglesias}, M. and {Rev{\'e}ret}, V. and 
	{Rodriguez}, L. and {Ruppin}, F. and {Savini}, G. and {Schuster}, K. and 
	{Sievers}, A. and {Triqueneaux}, S. and {Tucker}, C. and {Zylka}, R.
	},
    title = "{NIKA 2: next-generation continuum/polarized camera at the IRAM 30 m telescope and its prototype}",
booktitle = {The Many Facets of Extragalactic Radio Surveys: Towards New Scientific Challenges},
     year = 2015,
archivePrefix = "arXiv",
   eprint = {1602.01605},
 primaryClass = "astro-ph.IM",
    month = oct,
      eid = {16},
    pages = {16},
   adsurl = {http://adsabs.harvard.edu/abs/2015fers.confE..16R},
  adsnote = {Provided by the SAO/NASA Astrophysics Data System}
}

@INPROCEEDINGS{2018SPIE10708E..48S,
   author = {{Salatino}, M. and {Lashner}, J. and {Gerbino}, M. and {Simon}, S.~M. and 
	{Didier}, J. and {Ali}, A. and {Ashton}, P.~C. and {Bryan}, S. and 
	{Chinone}, Y. and {Coughlin}, K. and {Crowley}, K.~T. and {Fabbian}, G. and 
	{Galitzki}, N. and {Goeckner-Wald}, N. and {Gudmundsson}, J.~E. and 
	{Hill}, C.~A. and {Keating}, B. and {Kusaka}, A. and {Lee}, A.~T. and 
	{McMahon}, J. and {Miller}, A.~D. and {Puglisi}, G. and {Reichardt}, C.~L. and 
	{Teply}, G. and {Xu}, Z. and {Zhu}, N.},
    title = "{Studies of systematic uncertainties for Simons Observatory: polarization modulator related effects}",
booktitle = {Society of Photo-Optical Instrumentation Engineers (SPIE) Conference Series},
     year = 2018,
   series = {Society of Photo-Optical Instrumentation Engineers (SPIE) Conference Series},
   volume = 10708,
archivePrefix = "arXiv",
   eprint = {1808.07442},
 primaryClass = "astro-ph.IM",
    month = jul,
      eid = {1070848},
    pages = {1070848},
      doi = {10.1117/12.2312993},
   adsurl = {http://adsabs.harvard.edu/abs/2018SPIE10708E..48S},
  adsnote = {Provided by the SAO/NASA Astrophysics Data System}
}


@ARTICLE{2017arXiv171101314D,
   author = {{Didier}, J. and {Miller}, A.~D. and {Araujo}, D. and {Aubin}, F. and 
	{Geach}, C. and {Johnson}, B. and {Korotkov}, A. and {Raach}, K. and 
	{Westbrook}, B. and {Young}, K. and {Aboobaker}, A.~M. and {Ade}, P. and 
	{Baccigalupi}, C. and {Bao}, C. and {Chapman}, D. and {Dobbs}, M. and 
	{Grainger}, W. and {Hanany}, S. and {Helson}, K. and {Hillbrand}, S. and 
	{Hubmayr}, J. and {Jaffe}, A. and {Jones}, T. and {Klein}, J. and 
	{Lee}, A. and {Limon}, M. and {MacDermid}, K. and {Milligan}, M. and 
	{Pascale}, E. and {Reichborn-Kjennerud}, B. and {Sagiv}, I. and 
	{Tucker}, C. and {Tucker}, G.~S. and {Zilic}, K.},
    title = "{Intensity-Coupled-Polarization in Instruments with a Continuously Rotating Half-Wave Plate}",
  journal = {ArXiv e-prints},
archivePrefix = "arXiv",
   eprint = {1711.01314},
 primaryClass = "astro-ph.IM",
 keywords = {Astrophysics - Instrumentation and Methods for Astrophysics},
     year = 2017,
    month = nov,
   adsurl = {http://adsabs.harvard.edu/abs/2017arXiv171101314D},
  adsnote = {Provided by the SAO/NASA Astrophysics Data System}
}


@article{PhysRev.108.1175,
  title = {Theory of Superconductivity},
  author = {Bardeen, J. and Cooper, L. N. and Schrieffer, J. R.},
  journal = {Phys. Rev.},
  volume = {108},
  issue = {5},
  pages = {1175--1204},
  numpages = {0},
  year = {1957},
  month = {Dec},
  publisher = {American Physical Society},
  doi = {10.1103/PhysRev.108.1175},
  url = {https://link.aps.org/doi/10.1103/PhysRev.108.1175}
}

@article{PhysRev.104.1189,
  title = {Bound Electron Pairs in a Degenerate Fermi Gas},
  author = {Cooper, Leon N.},
  journal = {Phys. Rev.},
  volume = {104},
  issue = {4},
  pages = {1189--1190},
  numpages = {0},
  year = {1956},
  month = {Nov},
  publisher = {American Physical Society},
  doi = {10.1103/PhysRev.104.1189},
  url = {https://link.aps.org/doi/10.1103/PhysRev.104.1189}
}
