

%%%%%%%%%%%%%%%%%%%%%%%%%%%%%%%%%%%%%%%%%%%%%%%%%%%%%%%%%%%%%%%%%%%%%%%%%%%%%%%%%%%%%%%%
%
%    INSTRU PAPIER
%
%%%%%%%%%%%%%%%%%%%%%%%%%%%%%%%%%%%%%%%%%%%%%%%%%%%%%%%%%%%%%%%%%%%%%%%%%%%%%%%%%%%%%%%%


@Unpublished{Ponthieu2019,
  author = 	 {{Ponthieu}, N. and \emph{al.}},
  title = 	 {The NIKA2 data reduction software: an application to blind source detection},
  note = 	 {in prep.},
  OPTkey = 	 {},
  OPTmonth = 	 {},
  year = 	 {2019},
  OPTannote = 	 {}
}


@ARTICLE{Adam2018,
   author = {{Adam}, R. and {Adane}, A. and {Ade}, P.~A.~R. and {Andr{\'e}}, P. and 
	{Andrianasolo}, A. and {Aussel}, H. and {Beelen}, A. and {Beno{\^i}t}, A. and 
	{Bideaud}, A. and {Billot}, N. and {Bourrion}, O. and {Bracco}, A. and 
	{Calvo}, M. and {Catalano}, A. and {Coiffard}, G. and {Comis}, B. and 
	{De Petris}, M. and {D{\'e}sert}, F.-X. and {Doyle}, S. and 
	{Driessen}, E.~F.~C. and {Evans}, R. and {Goupy}, J. and {Kramer}, C. and 
	{Lagache}, G. and {Leclercq}, S. and {Leggeri}, J.-P. and {Lestrade}, J.-F. and 
	{Mac{\'{\i}}as-P{\'e}rez}, J.~F. and {Mauskopf}, P. and {Mayet}, F. and 
	{Maury}, A. and {Monfardini}, A. and {Navarro}, S. and {Pascale}, E. and 
	{Perotto}, L. and {Pisano}, G. and {Ponthieu}, N. and {Rev{\'e}ret}, V. and 
	{Rigby}, A. and {Ritacco}, A. and {Romero}, C. and {Roussel}, H. and 
	{Ruppin}, F. and {Schuster}, K. and {Sievers}, A. and {Triqueneaux}, S. and 
	{Tucker}, C. and {Zylka}, R.},
    title = "{The NIKA2 large-field-of-view millimetre continuum camera for the 30 m IRAM telescope}",
  journal = {\aap},
archivePrefix = "arXiv",
   eprint = {1707.00908},
 primaryClass = "astro-ph.IM",
 keywords = {instrumentation: detectors, instrumentation: photometers, instrumentation: polarimeters, submillimeter: ISM, submillimeter: galaxies, cosmic background radiation},
     year = 2018,
    month = jan,
   volume = 609,
      eid = {A115},
    pages = {A115},
      doi = {10.1051/0004-6361/201731503},
   adsurl = {http://cdsads.u-strasbg.fr/abs/2018A%26A...609A.115A},
  adsnote = {Provided by the SAO/NASA Astrophysics Data System}
}


@ARTICLE{Bourrion2016,
   author = {{Bourrion}, O. and {Benoit}, A. and {Bouly}, J.~L. and {Bouvier}, J. and 
	{Bosson}, G. and {Calvo}, M. and {Catalano}, A. and {Goupy}, J. and 
	{Li}, C. and {Mac{\'{\i}}as-P{\'e}rez}, J.~F. and {Monfardini}, A. and 
	{Tourres}, D. and {Ponchant}, N. and {Vescovi}, C.},
    title = "{NIKEL\_AMC: readout electronics for the NIKA2 experiment}",
  journal = {Journal of Instrumentation},
archivePrefix = "arXiv",
   eprint = {1602.01288},
 primaryClass = "astro-ph.IM",
     year = 2016,
    month = nov,
   volume = 11,
    pages = {P11001},
      doi = {10.1088/1748-0221/11/11/P11001},
   adsurl = {http://cdsads.u-strasbg.fr/abs/2016JInst..1111101B},
  adsnote = {Provided by the SAO/NASA Astrophysics Data System}
}




%%%%%%%%%%%%%%%%%%%%%%%%%%%%%%%%%%%%%%%%%%%%%%%%%%%%%%%%%%%%%%%%%%%%%%%%%%%%%%%%%%%%%%%%
%
%    INSTRU CONF JLTP
%
%%%%%%%%%%%%%%%%%%%%%%%%%%%%%%%%%%%%%%%%%%%%%%%%%%%%%%%%%%%%%%%%%%%%%%%%%%%%%%%%%%%%%%%%

@ARTICLE{Catalano2018JLTP,
   author = {{Catalano}, A. and {Adam}, R. and {Ade}, P.~A.~R. and {Andr{\'e}}, P. and 
	{Aussel}, H. and {Beelen}, A. and {Beno{\^i}t}, A. and {Bideaud}, A. and 
	{Billot}, N. and {Bourrion}, O. and {Calvo}, M. and {Comis}, B. and 
	{De Petris}, M. and {D{\'e}sert}, F.-X. and {Doyle}, S. and 
	{Driessen}, E.~F.~C. and {Goupy}, J. and {Kramer}, C. and {Lagache}, G. and 
	{Leclercq}, S. and {Lestrade}, J.-F. and {Mac{\'{\i}}as-P{\'e}rez}, J.~F. and 
	{Mauskopf}, P. and {Mayet}, F. and {Monfardini}, A. and {Pascale}, E. and 
	{Perotto}, L. and {Pisano}, G. and {Ponthieu}, N. and {Rev{\'e}ret}, V. and 
	{Ritacco}, A. and {Romero}, C. and {Roussel}, H. and {Ruppin}, F. and 
	{Schuster}, K. and {Sievers}, A. and {Triqueneaux}, S. and {Tucker}, C. and 
	{Zylka}, R. and {Barria}, E. and {Bres}, G. and {Camus}, P. and 
	{Chanthib}, P. and {Donnier-Valentin}, G. and {Exshaw}, O. and 
	{Garde}, G. and {Gerardin}, A. and {Leggeri}, J.-P. and {Levy-Bertrand}, F. and 
	{Guttin}, C. and {Hoarau}, C. and {Grollier}, M. and {Mocellin}, J.-L. and 
	{Pont}, G. and {Rodenas}, H. and {Tissot}, O. and {Galvez}, G. and 
	{John}, D. and {Ungerechts}, H. and {Sanchez}, S. and {Mellado}, P. and 
	{Munoz}, M. and {Pierfederici}, F. and {Penalver}, J. and {Navarro}, S. and 
	{Bosson}, G. and {Bouly}, J.-L. and {Bouvier}, J. and {Geraci}, C. and 
	{Li}, C. and {Menu}, J. and {Ponchant}, N. and {Roni}, S. and 
	{Roudier}, S. and {Scordillis}, J.~P. and {Tourres}, D. and 
	{Vescovi}, C. and {Barbier}, A. and {Billon-Pierron}, D. and 
	{Adane}, A. and {Andrianasolo}, A. and {Bracco}, A. and {Coiffard}, G. and 
	{Evans}, R. and {Maury}, A. and {Rigby}, A.},
    title = "{The NIKA2 Instrument at 30-m IRAM Telescope: Performance and Results}",
  journal = {Journal of Low Temperature Physics},
archivePrefix = "arXiv",
   eprint = {1712.04003},
 primaryClass = "astro-ph.IM",
 keywords = {Millimetre astrophysics, Detectors LEKID, Large arrays},
     year = 2018,
    month = dec,
   volume = 193,
    pages = {916-922},
      doi = {10.1007/s10909-018-1884-5},
   adsurl = {http://cdsads.u-strasbg.fr/abs/2018JLTP..193..916C},
  adsnote = {Provided by the SAO/NASA Astrophysics Data System}
}


@ARTICLE{Calvo2016JLTP,
   author = {{Calvo}, M. and {Beno{\^i}t}, A. and {Catalano}, A. and {Goupy}, J. and 
	{Monfardini}, A. and {Ponthieu}, N. and {Barria}, E. and {Bres}, G. and 
	{Grollier}, M. and {Garde}, G. and {Leggeri}, J.-P. and {Pont}, G. and 
	{Triqueneaux}, S. and {Adam}, R. and {Bourrion}, O. and {Mac{\'{\i}}as-P{\'e}rez}, J.-F. and 
	{Rebolo}, M. and {Ritacco}, A. and {Scordilis}, J.-P. and {Tourres}, D. and 
	{Adane}, A. and {Coiffard}, G. and {Leclercq}, S. and {D{\'e}sert}, F.-X. and 
	{Doyle}, S. and {Mauskopf}, P. and {Tucker}, C. and {Ade}, P. and 
	{Andr{\'e}}, P. and {Beelen}, A. and {Belier}, B. and {Bideaud}, A. and 
	{Billot}, N. and {Comis}, B. and {D'Addabbo}, A. and {Kramer}, C. and 
	{Martino}, J. and {Mayet}, F. and {Pajot}, F. and {Pascale}, E. and 
	{Perotto}, L. and {Rev{\'e}ret}, V. and {Ritacco}, A. and {Rodriguez}, L. and 
	{Savini}, G. and {Schuster}, K. and {Sievers}, A. and {Zylka}, R.
	},
    title = "{The NIKA2 Instrument, A Dual-Band Kilopixel KID Array for Millimetric Astronomy}",
  journal = {Journal of Low Temperature Physics},
archivePrefix = "arXiv",
   eprint = {1601.02774},
 primaryClass = "astro-ph.IM",
 keywords = {Kinetic inductance detectors, mm-wave astronomy},
     year = 2016,
    month = aug,
   volume = 184,
    pages = {816-823},
      doi = {10.1007/s10909-016-1582-0},
   adsurl = {http://cdsads.u-strasbg.fr/abs/2016JLTP..184..816C},
  adsnote = {Provided by the SAO/NASA Astrophysics Data System}
}


%%%%%%%%%%%%%%%%%%%%%%%%%%%%%%%%%%%%%%%%%%%%%%%%%%%%%%%%%%%%%%%%%%%%%%%%%%%%%%%%%%%%%%
%
%  Instru NIKA
%
%%%%%%%%%%%%%%%%%%%%%%%%%%%%%%%%%%%%%%%%%%%%%%%%%%%%%%%%%%%%%%%%%%%%%%%%%%%%%%%%%%%%%%

@ARTICLE{Monfardini2014JLTP,
   author = {{Monfardini}, A. and {Adam}, R. and {Adane}, A. and {Ade}, P. and 
	{Andr{\'e}}, P. and {Beelen}, A. and {Belier}, B. and {Benoit}, A. and 
	{Bideaud}, A. and {Billot}, N. and {Bourrion}, O. and {Calvo}, M. and 
	{Catalano}, A. and {Coiffard}, G. and {Comis}, B. and {D'Addabbo}, A. and 
	{D{\'e}sert}, F.-X. and {Doyle}, S. and {Goupy}, J. and {Kramer}, C. and 
	{Leclercq}, S. and {Macias-Perez}, J. and {Martino}, J. and 
	{Mauskopf}, P. and {Mayet}, F. and {Pajot}, F. and {Pascale}, E. and 
	{Ponthieu}, N. and {Rev{\'e}ret}, V. and {Rodriguez}, L. and 
	{Savini}, G. and {Schuster}, K. and {Sievers}, A. and {Tucker}, C. and 
	{Zylka}, R.},
    title = "{Latest NIKA Results and the NIKA-2 Project}",
  journal = {Journal of Low Temperature Physics},
archivePrefix = "arXiv",
   eprint = {1310.1230},
 primaryClass = "astro-ph.IM",
 keywords = {Kinetic inductance detectors, Millimeter astronomy, Superconducting detectors},
     year = 2014,
    month = sep,
   volume = 176,
    pages = {787-795},
      doi = {10.1007/s10909-013-0985-4},
   adsurl = {http://cdsads.u-strasbg.fr/abs/2014JLTP..176..787M},
  adsnote = {Provided by the SAO/NASA Astrophysics Data System}
}

@ARTICLE{Catalano2014,
   author = {{Catalano}, A. and {Calvo}, M. and {Ponthieu}, N. and {Adam}, R. and 
	{Adane}, A. and {Ade}, P. and {Andr{\'e}}, P. and {Beelen}, A. and 
	{Belier}, B. and {Beno{\^i}t}, A. and {Bideaud}, A. and {Billot}, N. and 
	{Boudou}, N. and {Bourrion}, O. and {Coiffard}, G. and {Comis}, B. and 
	{D'Addabbo}, A. and {D{\'e}sert}, F.-X. and {Doyle}, S. and 
	{Goupy}, J. and {Kramer}, C. and {Leclercq}, S. and {Mac{\'{\i}}as-P{\'e}rez}, J.~F. and 
	{Martino}, J. and {Mauskopf}, P. and {Mayet}, F. and {Monfardini}, A. and 
	{Pajot}, F. and {Pascale}, E. and {Perotto}, L. and {Rev{\'e}ret}, V. and 
	{Rodriguez}, L. and {Savini}, G. and {Schuster}, K. and {Sievers}, A. and 
	{Tucker}, C. and {Zylka}, R.},
    title = "{Performance and calibration of the NIKA camera at the IRAM 30 m telescope}",
  journal = {\aap},
archivePrefix = "arXiv",
   eprint = {1402.0260},
 primaryClass = "astro-ph.IM",
 keywords = {methods: observational, submillimeter: general, submillimeter: galaxies, submillimeter: ISM},
     year = 2014,
    month = sep,
   volume = 569,
      eid = {A9},
    pages = {A9},
      doi = {10.1051/0004-6361/201423557},
   adsurl = {http://cdsads.u-strasbg.fr/abs/2014A%26A...569A...9C},
  adsnote = {Provided by the SAO/NASA Astrophysics Data System}
}

@ARTICLE{Calvo2013,
   author = {{Calvo}, M. and {Roesch}, M. and {D{\'e}sert}, F.-X. and {Monfardini}, A. and 
	{Benoit}, A. and {Mauskopf}, P. and {Ade}, P. and {Boudou}, N. and 
	{Bourrion}, O. and {Camus}, P. and {Cruciani}, A. and {Doyle}, S. and 
	{Hoffmann}, C. and {Leclercq}, S. and {Macias-Perez}, J.~F. and 
	{Ponthieu}, N. and {Schuster}, K.~F. and {Tucker}, C. and {Vescovi}, C.
	},
    title = "{Improved mm-wave photometry for kinetic inductance detectors}",
  journal = {\aap},
 keywords = {instrumentation: detectors, methods: observational, telescopes, techniques: photometric},
     year = 2013,
    month = mar,
   volume = 551,
      eid = {L12},
    pages = {L12},
      doi = {10.1051/0004-6361/201219854},
   adsurl = {http://cdsads.u-strasbg.fr/abs/2013A%26A...551L..12C},
  adsnote = {Provided by the SAO/NASA Astrophysics Data System}
}




%%%%%%%%%%%%%%%%%%%%%%%%%%%%%%%%%%%%%%%%%%%%%%%%%%%%%%%%%%%%%%%%%%%%%%%%%%%%%%%%%%%%%%%%
%
%   LP
%
%%%%%%%%%%%%%%%%%%%%%%%%%%%%%%%%%%%%%%%%%%%%%%%%%%%%%%%%%%%%%%%%%%%%%%%%%%%%%%%%%%%%%%%%

@ARTICLE{Ruppin2018,
   author = {{Ruppin}, F. and {Mayet}, F. and {Pratt}, G.~W. and {Adam}, R. and 
	{Ade}, P. and {Andr{\'e}}, P. and {Arnaud}, M. and {Aussel}, H. and 
	{Bartalucci}, I. and {Beelen}, A. and {Beno{\^i}t}, A. and {Bideaud}, A. and 
	{Bourrion}, O. and {Calvo}, M. and {Catalano}, A. and {Comis}, B. and 
	{De Petris}, M. and {D{\'e}sert}, F.-X. and {Doyle}, S. and 
	{Driessen}, E.~F.~C. and {Goupy}, J. and {Kramer}, C. and {Lagache}, G. and 
	{Leclercq}, S. and {Lestrade}, J.-F. and {Mac{\'{\i}}as-P{\'e}rez}, J.~F. and 
	{Mauskopf}, P. and {Monfardini}, A. and {Perotto}, L. and {Pisano}, G. and 
	{Pointecouteau}, E. and {Ponthieu}, N. and {Rev{\'e}ret}, V. and 
	{Ritacco}, A. and {Romero}, C. and {Roussel}, H. and {Schuster}, K. and 
	{Sievers}, A. and {Tucker}, C. and {Zylka}, R.},
    title = "{First Sunyaev-Zel'dovich mapping with the NIKA2 camera: Implication of cluster substructures for the pressure profile and mass estimate}",
  journal = {\aap},
archivePrefix = "arXiv",
   eprint = {1712.09587},
 keywords = {galaxies: clusters: intracluster medium, cosmology: observations, instrumentation: high angular resolution},
     year = 2018,
    month = jul,
   volume = 615,
      eid = {A112},
    pages = {A112},
      doi = {10.1051/0004-6361/201732558},
   adsurl = {http://cdsads.u-strasbg.fr/abs/2018A%26A...615A.112R},
  adsnote = {Provided by the SAO/NASA Astrophysics Data System}
}

%%%%%%%%%%%%%%%%%%%%%%%%%%%%%%%%%%%%%%%%%%%%%%%%%%%%%%%%%%%%%%%%%%%%%%%%%%%%%%%%%%%%%%%%
%
%    NIKA 
%
%%%%%%%%%%%%%%%%%%%%%%%%%%%%%%%%%%%%%%%%%%%%%%%%%%%%%%%%%%%%%%%%%%%%%%%%%%%%%%%%%%%%%%%%

% PSZ1G045
@ARTICLE{Ruppin2017,
   author = {{Ruppin}, F. and {Adam}, R. and {Comis}, B. and {Ade}, P. and 
	{Andr{\'e}}, P. and {Arnaud}, M. and {Beelen}, A. and {Beno{\^i}t}, A. and 
	{Bideaud}, A. and {Billot}, N. and {Bourrion}, O. and {Calvo}, M. and 
	{Catalano}, A. and {Coiffard}, G. and {D'Addabbo}, A. and {De Petris}, M. and 
	{D{\'e}sert}, F.-X. and {Doyle}, S. and {Goupy}, J. and {Kramer}, C. and 
	{Leclercq}, S. and {Mac{\'{\i}}as-P{\'e}rez}, J.~F. and {Mauskopf}, P. and 
	{Mayet}, F. and {Monfardini}, A. and {Pajot}, F. and {Pascale}, E. and 
	{Perotto}, L. and {Pisano}, G. and {Pointecouteau}, E. and {Ponthieu}, N. and 
	{Pratt}, G.~W. and {Rev{\'e}ret}, V. and {Ritacco}, A. and {Rodriguez}, L. and 
	{Romero}, C. and {Schuster}, K. and {Sievers}, A. and {Triqueneaux}, S. and 
	{Tucker}, C. and {Zylka}, R.},
    title = "{Non-parametric deprojection of NIKA SZ observations: Pressure distribution in the Planck-discovered cluster PSZ1 G045.85+57.71}",
  journal = {\aap},
archivePrefix = "arXiv",
   eprint = {1607.07679},
 keywords = {galaxies: clusters: intracluster medium, instrumentation: high angular resolution, cosmology: observations},
     year = 2017,
    month = jan,
   volume = 597,
      eid = {A110},
    pages = {A110},
      doi = {10.1051/0004-6361/201629405},
   adsurl = {http://cdsads.u-strasbg.fr/abs/2017A%26A...597A.110R},
  adsnote = {Provided by the SAO/NASA Astrophysics Data System}
}

% CLJ1227
@ARTICLE{Romero2018,
   author = {{Romero}, C. and {McWilliam}, M. and {Mac{\'{\i}}as-P{\'e}rez}, J.-F. and 
	{Adam}, R. and {Ade}, P. and {Andr{\'e}}, P. and {Aussel}, H. and 
	{Beelen}, A. and {Beno{\^i}t}, A. and {Bideaud}, A. and {Billot}, N. and 
	{Bourrion}, O. and {Calvo}, M. and {Catalano}, A. and {Coiffard}, G. and 
	{Comis}, B. and {de Petris}, M. and {D{\'e}sert}, F.-X. and 
	{Doyle}, S. and {Goupy}, J. and {Kramer}, C. and {Lagache}, G. and 
	{Leclercq}, S. and {Lestrade}, J.-F. and {Mauskopf}, P. and 
	{Mayet}, F. and {Monfardini}, A. and {Pascale}, E. and {Perotto}, L. and 
	{Pisano}, G. and {Ponthieu}, N. and {Rev{\'e}ret}, V. and {Ritacco}, A. and 
	{Roussel}, H. and {Ruppin}, F. and {Schuster}, K. and {Sievers}, A. and 
	{Triqueneaux}, S. and {Tucker}, C. and {Zylka}, R.},
    title = "{A multi-instrument non-parametric reconstruction of the electron pressure profile in the galaxy cluster CLJ1226.9+3332}",
  journal = {\aap},
archivePrefix = "arXiv",
   eprint = {1707.06113},
 keywords = {galaxies: clusters: individual: CLJ 1226.9+3332},
     year = 2018,
    month = apr,
   volume = 612,
      eid = {A39},
    pages = {A39},
      doi = {10.1051/0004-6361/201731599},
   adsurl = {http://cdsads.u-strasbg.fr/abs/2018A%26A...612A..39R},
  adsnote = {Provided by the SAO/NASA Astrophysics Data System}
}

%  MACS J1423
@ARTICLE{Adam2016,
   author = {{Adam}, R. and {Comis}, B. and {Bartalucci}, I. and {Adane}, A. and 
	{Ade}, P. and {Andr{\'e}}, P. and {Arnaud}, M. and {Beelen}, A. and 
	{Belier}, B. and {Beno{\^i}t}, A. and {Bideaud}, A. and {Billot}, N. and 
	{Bourrion}, O. and {Calvo}, M. and {Catalano}, A. and {Coiffard}, G. and 
	{D'Addabbo}, A. and {D{\'e}sert}, F.-X. and {Doyle}, S. and 
	{Goupy}, J. and {Hasnoun}, B. and {Hermelo}, I. and {Kramer}, C. and 
	{Lagache}, G. and {Leclercq}, S. and {Mac{\'{\i}}as-P{\'e}rez}, J.-F. and 
	{Martino}, J. and {Mauskopf}, P. and {Mayet}, F. and {Monfardini}, A. and 
	{Pajot}, F. and {Pascale}, E. and {Perotto}, L. and {Pointecouteau}, E. and 
	{Ponthieu}, N. and {Pratt}, G.~W. and {Rev{\'e}ret}, V. and 
	{Ritacco}, A. and {Rodriguez}, L. and {Savini}, G. and {Schuster}, K. and 
	{Sievers}, A. and {Triqueneaux}, S. and {Tucker}, C. and {Zylka}, R.
	},
    title = "{High angular resolution Sunyaev-Zel'dovich observations of MACS J1423.8+2404 with NIKA: Multiwavelength analysis}",
  journal = {\aap},
archivePrefix = "arXiv",
   eprint = {1510.06674},
 keywords = {techniques: high angular resolution, galaxies: clusters: individual: MACS J1423.8+2404, galaxies: clusters: intracluster medium},
     year = 2016,
    month = feb,
   volume = 586,
      eid = {A122},
    pages = {A122},
      doi = {10.1051/0004-6361/201527616},
   adsurl = {http://cdsads.u-strasbg.fr/abs/2016A%26A...586A.122A},
  adsnote = {Provided by the SAO/NASA Astrophysics Data System}
}

% MACS J0717
@ARTICLE{Adam2017,
   author = {{Adam}, R. and {Arnaud}, M. and {Bartalucci}, I. and {Ade}, P. and 
	{Andr{\'e}}, P. and {Beelen}, A. and {Beno{\^i}t}, A. and {Bideaud}, A. and 
	{Billot}, N. and {Bourdin}, H. and {Bourrion}, O. and {Calvo}, M. and 
	{Catalano}, A. and {Coiffard}, G. and {Comis}, B. and {D'Addabbo}, A. and 
	{D{\'e}sert}, F.-X. and {Doyle}, S. and {Ferrari}, C. and {Goupy}, J. and 
	{Kramer}, C. and {Lagache}, G. and {Leclercq}, S. and {Mac{\'{\i}}as-P{\'e}rez}, J.-F. and 
	{Maurogordato}, S. and {Mauskopf}, P. and {Mayet}, F. and {Monfardini}, A. and 
	{Pajot}, F. and {Pascale}, E. and {Perotto}, L. and {Pisano}, G. and 
	{Pointecouteau}, E. and {Ponthieu}, N. and {Pratt}, G.~W. and 
	{Rev{\'e}ret}, V. and {Ritacco}, A. and {Rodriguez}, L. and 
	{Romero}, C. and {Ruppin}, F. and {Schuster}, K. and {Sievers}, A. and 
	{Triqueneaux}, S. and {Tucker}, C. and {Zylka}, R.},
    title = "{Mapping the hot gas temperature in galaxy clusters using X-ray and Sunyaev-Zel'dovich imaging}",
  journal = {\aap},
archivePrefix = "arXiv",
   eprint = {1706.10230},
 keywords = {techniques: high angular resolution, galaxies: clusters: individual: MACS J0717.5+3745, X-rays: galaxies: clusters, galaxies: clusters: intracluster medium},
     year = 2017,
    month = oct,
   volume = 606,
      eid = {A64},
    pages = {A64},
      doi = {10.1051/0004-6361/201629810},
   adsurl = {http://cdsads.u-strasbg.fr/abs/2017A%26A...606A..64A},
  adsnote = {Provided by the SAO/NASA Astrophysics Data System}
}

%  MACS J0717 kSZ
@ARTICLE{Adam2017kSZ,
   author = {{Adam}, R. and {Bartalucci}, I. and {Pratt}, G.~W. and {Ade}, P. and 
	{Andr{\'e}}, P. and {Arnaud}, M. and {Beelen}, A. and {Beno{\^i}t}, A. and 
	{Bideaud}, A. and {Billot}, N. and {Bourdin}, H. and {Bourrion}, O. and 
	{Calvo}, M. and {Catalano}, A. and {Coiffard}, G. and {Comis}, B. and 
	{D'Addabbo}, A. and {De Petris}, M. and {D{\'e}mocl{\`e}s}, J. and 
	{D{\'e}sert}, F.-X. and {Doyle}, S. and {Egami}, E. and {Ferrari}, C. and 
	{Goupy}, J. and {Kramer}, C. and {Lagache}, G. and {Leclercq}, S. and 
	{Mac{\'{\i}}as-P{\'e}rez}, J.-F. and {Maurogordato}, S. and 
	{Mauskopf}, P. and {Mayet}, F. and {Monfardini}, A. and {Mroczkowski}, T. and 
	{Pajot}, F. and {Pascale}, E. and {Perotto}, L. and {Pisano}, G. and 
	{Pointecouteau}, E. and {Ponthieu}, N. and {Rev{\'e}ret}, V. and 
	{Ritacco}, A. and {Rodriguez}, L. and {Romero}, C. and {Ruppin}, F. and 
	{Schuster}, K. and {Sievers}, A. and {Triqueneaux}, S. and {Tucker}, C. and 
	{Zemcov}, M. and {Zylka}, R.},
    title = "{Mapping the kinetic Sunyaev-Zel'dovich effect toward MACS J0717.5+3745 with NIKA}",
  journal = {\aap},
archivePrefix = "arXiv",
   eprint = {1606.07721},
 keywords = {techniques: high angular resolution, galaxies: clusters: individual: MACS J0717.5+3745, galaxies: clusters: intracluster medium},
     year = 2017,
    month = feb,
   volume = 598,
      eid = {A115},
    pages = {A115},
      doi = {10.1051/0004-6361/201629182},
   adsurl = {http://cdsads.u-strasbg.fr/abs/2017A%26A...598A.115A},
  adsnote = {Provided by the SAO/NASA Astrophysics Data System}
}

@ARTICLE{Adam2014,
   author = {{Adam}, R. and {Comis}, B. and {Mac{\'{\i}}as-P{\'e}rez}, J.~F. and 
	{Adane}, A. and {Ade}, P. and {Andr{\'e}}, P. and {Beelen}, A. and 
	{Belier}, B. and {Beno{\^i}t}, A. and {Bideaud}, A. and {Billot}, N. and 
	{Boudou}, N. and {Bourrion}, O. and {Calvo}, M. and {Catalano}, A. and 
	{Coiffard}, G. and {D'Addabbo}, A. and {D{\'e}sert}, F.-X. and 
	{Doyle}, S. and {Goupy}, J. and {Kramer}, C. and {Leclercq}, S. and 
	{Martino}, J. and {Mauskopf}, P. and {Mayet}, F. and {Monfardini}, A. and 
	{Pajot}, F. and {Pascale}, E. and {Perotto}, L. and {Pointecouteau}, E. and 
	{Ponthieu}, N. and {Rev{\'e}ret}, V. and {Rodriguez}, L. and 
	{Savini}, G. and {Schuster}, K. and {Sievers}, A. and {Tucker}, C. and 
	{Zylka}, R.},
    title = "{First observation of the thermal Sunyaev-Zel'dovich effect with kinetic inductance detectors}",
  journal = {\aap},
archivePrefix = "arXiv",
   eprint = {1310.6237},
 keywords = {instrumentation: detectors, techniques: high angular resolution, galaxies: clusters: individual: RX J1347.5-1145, galaxies: clusters: intracluster medium},
     year = 2014,
    month = sep,
   volume = 569,
      eid = {A66},
    pages = {A66},
      doi = {10.1051/0004-6361/201322902},
   adsurl = {http://cdsads.u-strasbg.fr/abs/2014A%26A...569A..66A},
  adsnote = {Provided by the SAO/NASA Astrophysics Data System}
}

% Polar 1
@ARTICLE{Ritacco2017,
   author = {{Ritacco}, A. and {Ponthieu}, N. and {Catalano}, A. and {Adam}, R. and 
	{Ade}, P. and {Andr{\'e}}, P. and {Beelen}, A. and {Beno{\^i}t}, A. and 
	{Bideaud}, A. and {Billot}, N. and {Bourrion}, O. and {Calvo}, M. and 
	{Coiffard}, G. and {Comis}, B. and {D{\'e}sert}, F.-X. and {Doyle}, S. and 
	{Goupy}, J. and {Kramer}, C. and {Leclercq}, S. and {Mac{\'{\i}}as-P{\'e}rez}, J.~F. and 
	{Mauskopf}, P. and {Maury}, A. and {Mayet}, F. and {Monfardini}, A. and 
	{Pajot}, F. and {Pascale}, E. and {Perotto}, L. and {Pisano}, G. and 
	{Rebolo-Iglesias}, M. and {Rev{\'e}ret}, V. and {Rodriguez}, L. and 
	{Romero}, C. and {Ruppin}, F. and {Savini}, G. and {Schuster}, K. and 
	{Sievers}, A. and {Thum}, C. and {Triqueneaux}, S. and {Tucker}, C. and 
	{Zylka}, R.},
    title = "{Polarimetry at millimeter wavelengths with the NIKA camera: calibration and performance}",
  journal = {\aap},
archivePrefix = "arXiv",
   eprint = {1609.02042},
 primaryClass = "astro-ph.IM",
 keywords = {ISM: magnetic fields, polarization, ISM: clouds, instrumentation: polarimeters},
     year = 2017,
    month = mar,
   volume = 599,
      eid = {A34},
    pages = {A34},
      doi = {10.1051/0004-6361/201629666},
   adsurl = {http://cdsads.u-strasbg.fr/abs/2017A%26A...599A..34R},
  adsnote = {Provided by the SAO/NASA Astrophysics Data System}
}

% Polar Crab
@ARTICLE{Ritacco2018,
   author = {{Ritacco}, A. and {Mac{\'{\i}}as-P{\'e}rez}, J.~F. and {Ponthieu}, N. and 
	{Adam}, R. and {Ade}, P. and {Andr{\'e}}, P. and {Aumont}, J. and 
	{Beelen}, A. and {Beno{\^i}t}, A. and {Bideaud}, A. and {Billot}, N. and 
	{Bourrion}, O. and {Bracco}, A. and {Calvo}, M. and {Catalano}, A. and 
	{Coiffard}, G. and {Comis}, B. and {D'Addabbo}, A. and {De Petris}, M. and 
	{D{\'e}sert}, F.-X. and {Doyle}, S. and {Goupy}, J. and {Kramer}, C. and 
	{Lagache}, G. and {Leclercq}, S. and {Lestrade}, J.-F. and {Mauskopf}, P. and 
	{Mayet}, F. and {Maury}, A. and {Monfardini}, A. and {Pajot}, F. and 
	{Pascale}, E. and {Perotto}, L. and {Pisano}, G. and {Rebolo-Iglesias}, M. and 
	{Rev{\'e}ret}, V. and {Rodriguez}, L. and {Romero}, C. and {Roussel}, H. and 
	{Ruppin}, F. and {Schuster}, K. and {Sievers}, A. and {Siringo}, G. and 
	{Thum}, C. and {Triqueneaux}, S. and {Tucker}, C. and {Wiesemeyer}, H. and 
	{Zylka}, R.},
    title = "{NIKA 150 GHz polarization observations of the Crab nebula and its spectral energy distribution}",
  journal = {\aap},
archivePrefix = "arXiv",
   eprint = {1804.09581},
 keywords = {polarization, instrumentation: high angular resolution, instrumentation: detectors, methods: observational, supernovae: general},
     year = 2018,
    month = aug,
   volume = 616,
      eid = {A35},
    pages = {A35},
      doi = {10.1051/0004-6361/201731551},
   adsurl = {http://cdsads.u-strasbg.fr/abs/2018A%26A...616A..35R},
  adsnote = {Provided by the SAO/NASA Astrophysics Data System}
}

@ARTICLE{Rigby2018,
   author = {{Rigby}, A.~J. and {Peretto}, N. and {Adam}, R. and {Ade}, P. and 
	{Andr{\'e}}, P. and {Aussel}, H. and {Beelen}, A. and {Beno{\^i}t}, A. and 
	{Bracco}, A. and {Bideaud}, A. and {Bourrion}, O. and {Calvo}, M. and 
	{Catalano}, A. and {Clark}, C.~J.~R. and {Comis}, B. and {De Petris}, M. and 
	{D{\'e}sert}, F.-X. and {Doyle}, S. and {Driessen}, E.~F.~C. and 
	{Goupy}, J. and {Kramer}, C. and {Lagache}, G. and {Leclercq}, S. and 
	{Lestrade}, J.-F. and {Mac{\'{\i}}as-P{\'e}rez}, J.~F. and {Mauskopf}, P. and 
	{Mayet}, F. and {Monfardini}, A. and {Pascale}, E. and {Perotto}, L. and 
	{Pisano}, G. and {Ponthieu}, N. and {Rev{\'e}ret}, V. and {Ritacco}, A. and 
	{Romero}, C. and {Roussel}, H. and {Ruppin}, F. and {Schuster}, K. and 
	{Sievers}, A. and {Triqueneaux}, S. and {Tucker}, C. and {Zylka}, R.
	},
    title = "{A NIKA view of two star-forming infrared dark clouds: Dust emissivity variations and mass concentration}",
  journal = {\aap},
archivePrefix = "arXiv",
   eprint = {1801.09801},
 keywords = {stars: formation, submillimeter: ISM, ISM: clouds, dust, extinction, ISM: structure},
     year = 2018,
    month = jul,
   volume = 615,
      eid = {A18},
    pages = {A18},
      doi = {10.1051/0004-6361/201732258},
   adsurl = {http://cdsads.u-strasbg.fr/abs/2018A%26A...615A..18R},
  adsnote = {Provided by the SAO/NASA Astrophysics Data System}
}



%%%%%%%%%%%%%%%%%%%%%%%%%%%%%%%%%%%%%%%%%%%%%%%%%%%%%%%%%%%%%%%%%%
%
%   CALIBRATION
%
%%%%%%%%%%%%%%%%%%%%%%%%%%%%%%%%%%%%%%%%%%%%%%%%%%%%%%%%%%%%%%%%%

@ARTICLE{Bendo2013,
   author = {{Bendo}, G.~J. and {Griffin}, M.~J. and {Bock}, J.~J. and {Conversi}, L. and 
	{Dowell}, C.~D. and {Lim}, T. and {Lu}, N. and {North}, C.~E. and 
	{Papageorgiou}, A. and {Pearson}, C.~P. and {Pohlen}, M. and 
	{Polehampton}, E.~T. and {Schulz}, B. and {Shupe}, D.~L. and 
	{Sibthorpe}, B. and {Spencer}, L.~D. and {Swinyard}, B.~M. and 
	{Valtchanov}, I. and {Xu}, C.~K.},
    title = "{Flux calibration of the Herschel$^{ }$-SPIRE photometer}",
  journal = {\mnras},
archivePrefix = "arXiv",
   eprint = {1306.1217},
 primaryClass = "astro-ph.IM",
 keywords = {instrumentation: photometers},
     year = 2013,
    month = aug,
   volume = 433,
    pages = {3062-3078},
      doi = {10.1093/mnras/stt948},
   adsurl = {http://cdsads.u-strasbg.fr/abs/2013MNRAS.433.3062B},
  adsnote = {Provided by the SAO/NASA Astrophysics Data System}
}


% ATM
@TechReport{ATM,
  author = 	 {{Petit}, J. and {Bardeau}, S. and {Reynier}, E.},
  title = 	 {Comparison of ATM versions: Impact on the calibration of IRAM instruments},
  institution =  {IRAM},
  year = 	 {2009},
  OPTkey = 	 {},
  OPTtype = 	 {},
  OPTnumber = 	 {},
  OPTaddress = 	 {},
  OPTmonth = 	 {},
  note = 	 {\url{http://www.iram-institute.org/EN/content-page-161-7-66-161-0-0.html}},
  OPTannote = 	 {}
}

% Pardo 2002
@INPROCEEDINGS{Pardo2002,
   author = {{Pardo}, J. and {Cernicharo}, J. and {Serabyn}, E.},
    title = "{Modeling the atmospheric longwave spectrum: State of the art in the horizon of ALMA}",
booktitle = {Astronomical Site Evaluation in the Visible and Radio Range},
     year = 2002,
   series = {Astronomical Society of the Pacific Conference Series},
   volume = 266,
   editor = {{Vernin}, J. and {Benkhaldoun}, Z. and {Mu{\~n}oz-Tu{\~n}{\'o}n}, C.
	},
    pages = {188},
   adsurl = {http://cdsads.u-strasbg.fr/abs/2002ASPC..266..188P},
  adsnote = {Provided by the SAO/NASA Astrophysics Data System}
}
%Pardo, J.~R., Cernicharo, J. $\&$ Serabyn, E., IEEE Transactions on
%  Antennas and Propagation, {\bf 49}, p.~1683, 2002
  
%Greve2010
@ARTICLE{Greve2010,
   author = {{Greve}, A. and {Morris}, D. and {Penalver}, J. and {Thum}, C. and 
	{Bremer}, M.},
    title = "{The Beam Pattern of Reflector Antennas With Buckled Panels}",
  journal = {IEEE Transactions on Antennas and Propagation},
     year = 2010,
    month = mar,
   volume = 58,
    pages = {959-962},
      doi = {10.1109/TAP.2009.2039299},
   adsurl = {http://cdsads.u-strasbg.fr/abs/2010ITAP...58..959G},
  adsnote = {Provided by the SAO/NASA Astrophysics Data System}
}

@TechReport{Kramer2013,
  author = 	 {{Kramer}, C. and {Pe\~nalver}, J. and {Greve}, A.},
  title = 	 "{Improvement of the IRAM 30m telescope beam pattern}",
  institution =  {IRAM 30m},
  year = 	 {2013},
  OPTkey = 	 {},
  OPTtype = 	 {},
  OPTnumber = 	 {},
  OPTaddress = 	 {},
  OPTmonth = 	 {},
  note = 	 {\url{http://www.iram.es/IRAMES/mainWiki/Iram30mEfficiencies}},
  OPTannote = 	 {}
}

