%%%%%%%%%%%%%%%%%%%%%%%%%%%%%%%%%%%%%%%%%%%%%%%
%%%%%%%%%%% General: Polarization
%%%%%%%%%%%%%%%%%%%%%%%%%%%%%%%%%%%%%%%%%%%%%%%


@PHDTHESIS{2006PhDT........32M,
   author = {{Marrone}, D.~P.},
    title = "{Submillimeter properties of Sagittarius A*: The polarization and spectrum from 230 to 690 GHz and the submillimeter array polarimeter}",
   school = {Harvard University},
     year = 2006,
   adsurl = {http://adsabs.harvard.edu/abs/2006PhDT........32M},
  adsnote = {Provided by the SAO/NASA Astrophysics Data System}
}
@ARTICLE{2016arXiv160806283H,
   author = {{Hull}, C.~L.~H. and {Girart}, J.~M. and {Zhang}, Q.},
    title = "{880 $\mu$m SMA polarization observations of the quasar 3C 286}",
  journal = {ArXiv e-prints},
archivePrefix = "arXiv",
   eprint = {1608.06283},
 keywords = {Astrophysics - Astrophysics of Galaxies, Astrophysics - Instrumentation and Methods for Astrophysics},
     year = 2016,
    month = aug,
   adsurl = {http://adsabs.harvard.edu/abs/2016arXiv160806283H},
  adsnote = {Provided by the SAO/NASA Astrophysics Data System}
}
@ARTICLE{2016ApJ...824..132N,
   author = {{Nagai}, H. and {Nakanishi}, K. and {Paladino}, R. and {Hull}, C.~L.~H. and 
	{Cortes}, P. and {Moellenbrock}, G. and {Fomalont}, E. and {Asada}, K. and 
	{Hada}, K.},
    title = "{ALMA Science Verification Data: Millimeter Continuum Polarimetry of the Bright Radio Quasar 3C 286}",
  journal = {\apj},
archivePrefix = "arXiv",
   eprint = {1605.00051},
 keywords = {galaxies: active, galaxies: jets, galaxies: individual: 3C 286, radio continuum: galaxies },
     year = 2016,
    month = jun,
   volume = 824,
      eid = {132},
    pages = {132},
      doi = {10.3847/0004-637X/824/2/132},
   adsurl = {http://adsabs.harvard.edu/abs/2016ApJ...824..132N},
  adsnote = {Provided by the SAO/NASA Astrophysics Data System}
}

@ARTICLE{2014A&A...566A..45L,
   author = {{Lombardi}, M. and {Bouy}, H. and {Alves}, J. and {Lada}, C.~J.
	},
    title = "{Herschel-Planck dust optical-depth and column-density maps. I. Method description and results for Orion}",
  journal = {\aap},
archivePrefix = "arXiv",
   eprint = {1404.0032},
 primaryClass = "astro-ph.SR",
 keywords = {ISM: clouds, dust, extinction, ISM: structure, ISM: individual objects: Orion molecular cloud},
     year = 2014,
    month = jun,
   volume = 566,
      eid = {A45},
    pages = {A45},
      doi = {10.1051/0004-6361/201323293},
   adsurl = {http://adsabs.harvard.edu/abs/2014A%26A...566A..45L},
  adsnote = {Provided by the SAO/NASA Astrophysics Data System}
}


%@ARTICLE{2016arXiv160105901Er,
%   author = {{Essinger-Hileman}, T. and {Kusaka}, A. and {Appel}, J.~W. and 
%	{Choi}, S.~K. and {Crowley}, K. and {Ho}, S.~P. and {Jarosik}, N. and 
%	{Page}, L.~A. and {Parker}, L.~P. and {Raghunathan}, S. and 
%	{Simon}, S.~M. and {Staggs}, S.~T. and {Visnjic}, K.},
%    title = "{Systematic effects from an ambient-temperature, continuously-rotating half-wave plate}",
%  journal = {ArXiv e-prints},
%archivePrefix = "arXiv",
%   eprint = {1601.05901},
% primaryClass = "astro-ph.IM",
% keywords = {Astrophysics - Instrumentation and Methods for Astrophysics},
%     year = 2016,
%    month = jan,
%   adsurl = {http://adsabs.harvard.edu/abs/2016arXiv160105901E},
%  adsnote = {Provided by the SAO/NASA Astrophysics Data System}
%}
%

@article{2016arXiv160105901Er,
author = {T. Essinger-Hileman and A. Kusaka and J. W. Appel and S. K. Choi and K. Crowley and S. P. Ho and N. Jarosik and L. A. Page and L. P. Parker and S. Raghunathan and S. M. Simon and S. T. Staggs and K. Visnjic},
title = {Systematic effects from an ambient-temperature, continuously rotating half-wave plate},
journal = {Review of Scientific Instruments},
volume = {87},
number = {9},
pages = {094503},
year = {2016},
doi = {10.1063/1.4962023},

URL = { 
        http://dx.doi.org/10.1063/1.4962023
    
},
eprint = { 
        http://dx.doi.org/10.1063/1.4962023
    
}

}

@ARTICLE{2016JLTP..184..534S,
   author = {{Simon}, S.~M. and {Appel}, J.~W. and {Campusano}, L.~E. and 
	{Choi}, S.~K. and {Crowley}, K.~T. and {Essinger-Hileman}, T. and 
	{Gallardo}, P. and {Ho}, S.~P. and {Kusaka}, A. and {Nati}, F. and 
	{Palma}, G.~A. and {Page}, L.~A. and {Raghunathan}, S. and {Staggs}, S.~T.
	},
    title = "{Characterizing Atacama B-mode Search Detectors with a Half-Wave Plate}",
  journal = {Journal of Low Temperature Physics},
archivePrefix = "arXiv",
   eprint = {1511.04760},
 primaryClass = "astro-ph.IM",
 keywords = {Atacama B-mode Search, Cosmic microwave background, Polarization, Half-wave plate},
     year = 2016,
    month = aug,
   volume = 184,
    pages = {534-539},
      doi = {10.1007/s10909-015-1370-2},
   adsurl = {http://adsabs.harvard.edu/abs/2016JLTP..184..534S},
  adsnote = {Provided by the SAO/NASA Astrophysics Data System}
}
@ARTICLE{1980A&A....91...97S,
   author = {{Simmons}, J.~F.~L. and {Aspin}, C. and {Brown}, J.~C.},
    title = "{A critique of the polarimetric evidence on the nature of Cygnus X-1}",
  journal = {\aap},
 keywords = {Binary Stars, Linear Polarization, Stellar Envelopes, Stellar Models, X Ray Sources, X Ray Stars, Curve Fitting, Data Smoothing, Stellar Spectrophotometry},
     year = 1980,
    month = nov,
   volume = 91,
    pages = {97-107},
   adsurl = {http://adsabs.harvard.edu/abs/1980A%26A....91...97S},
  adsnote = {Provided by the SAO/NASA Astrophysics Data System}
}
@ARTICLE{1985A&A...142..100S,
   author = {{Simmons}, J.~F.~L. and {Stewart}, B.~G.},
    title = "{Point and interval estimation of the true unbiased degree of linear polarization in the presence of low signal-to-noise ratios}",
  journal = {\aap},
 keywords = {Astronomy, Bias, Linear Polarization, Polarimetry, Radiation Sources, Confidence Limits, Estimating, Maximum Likelihood Estimates, Probability Distribution Functions, Radio Astronomy, Signal To Noise Ratios},
     year = 1985,
    month = jan,
   volume = 142,
    pages = {100-106},
   adsurl = {http://adsabs.harvard.edu/abs/1985A%26A...142..100S},
  adsnote = {Provided by the SAO/NASA Astrophysics Data System}
}
@ARTICLE{1993A&A...274..968N ,
   author = {{Naghizadeh-Khouei}, J. and {Clarke}, D.},
    title = "{On the statistical behaviour of the position angle of linear polarization}",
  journal = {\aap},
 keywords = {polarization, methods: analytical, methods: data analysis, methods: numerical, methods: statistical},
     year = 1993,
    month = jul,
   volume = 274,
    pages = {968},
   adsurl = {http://adsabs.harvard.edu/abs/1993A%26A...274..968N},
  adsnote = {Provided by the SAO/NASA Astrophysics Data System}
}

@ARTICLE{sma,
   author = {{Ohashi}, N.},
    title = "{The Submillimeter Array: Current Status and Future Plan}",
  journal = {Journal of Korean Astronomical Society},
 keywords = {instrumentation --- interferometers, submillimeter, telescopes},
     year = 2005,
    month = jun,
   volume = 38,
    pages = {103-106},
      doi = {10.5303/JKAS.2005.38.2.103},
   adsurl = {http://adsabs.harvard.edu/abs/2005JKAS...38..103O},
  adsnote = {Provided by the SAO/NASA Astrophysics Data System}
}

@INPROCEEDINGS{2008SPIE.7020E..2BM,
   author = {{Marrone}, D.~P. and {Rao}, R.},
    title = "{The submillimeter array polarimeter}",
booktitle = {Millimeter and Submillimeter Detectors and Instrumentation for Astronomy IV},
     year = 2008,
   series = {\procspie},
   volume = 7020,
archivePrefix = "arXiv",
   eprint = {0807.2255},
    month = jul,
      eid = {70202B},
    pages = {70202B},
      doi = {10.1117/12.788677},
   adsurl = {http://adsabs.harvard.edu/abs/2008SPIE.7020E..2BM},
  adsnote = {Provided by the SAO/NASA Astrophysics Data System}
}

@article{arzoumianian,
	author = {{Arzoumanian, D.} and {André, Ph.} and {Didelon, P.} and {Könyves, V.} and {Schneider, N.} and {Men’shchikov, A.} and {Sousbie, T.} and {Zavagno, A.} and {Bontemps, S.} and {Di Francesco, J.} and {Griffin, M.} and {Hennemann, M.} and {Hill, T.} and {Kirk, J.} and {Martin, P.} and {Minier, V.} and {Molinari, S.} and {Motte, F.} and {Peretto, N.} and {Pezzuto, S.} and {Spinoglio, L.} and {Ward-Thompson, D.} and {White, G.} and {Wilson, C. D.}},
	title = {Characterizing interstellar filaments with Herschel in IC 5146},
	DOI= "10.1051/0004-6361/201116596",
	url= "http://dx.doi.org/10.1051/0004-6361/201116596",
	journal = {\aap},
	year = 2011,
	volume = 529,
	pages = "L6",
	month = "",
}
@ARTICLE{2004ApJ...603..584P,
   author = {{Pereyra}, A. and {Magalh{\~a}es}, A.~M.},
    title = "{Polarimetry toward the Musca Dark Cloud. I. The Catalog}",
  journal = {\apj},
 keywords = {Catalogs, ISM: Clouds, ISM: Individual: Name: Chamaeleon-Musca Dark Cloud Compex, ISM: Magnetic Fields, Polarization},
     year = 2004,
    month = mar,
   volume = 603,
    pages = {584-594},
      doi = {10.1086/381702},
   adsurl = {http://adsabs.harvard.edu/abs/2004ApJ...603..584P},
  adsnote = {Provided by the SAO/NASA Astrophysics Data System}
}
@ARTICLE{planckXXXIII,
   author = {{Planck Collaboration} and {Ade}, P.~A.~R. and {Aghanim}, N. and 
	{Alves}, M.~I.~R. and {Arnaud}, M. and {Arzoumanian}, D. and 
	{Aumont}, J. and {Baccigalupi}, C. and {Banday}, A.~J. and {Barreiro}, R.~B. and 
	{Bartolo}, N. and {Battaner}, E. and {Benabed}, K. and {Benoit-L{\'e}vy}, A. and 
	{Bernard}, J.-P. and {Bern{\'e}}, O. and {Bersanelli}, M. and 
	{Bielewicz}, P. and {Bonaldi}, A. and {Bonavera}, L. and {Bond}, J.~R. and 
	{Borrill}, J. and {Bouchet}, F.~R. and {Boulanger}, F. and {Bracco}, A. and 
	{Burigana}, C. and {Calabrese}, E. and {Cardoso}, J.-F. and 
	{Catalano}, A. and {Chamballu}, A. and {Chiang}, H.~C. and {Christensen}, P.~R. and 
	{Clements}, D.~L. and {Colombi}, S. and {Combet}, C. and {Couchot}, F. and 
	{Crill}, B.~P. and {Curto}, A. and {Cuttaia}, F. and {Danese}, L. and 
	{Davies}, R.~D. and {Davis}, R.~J. and {de Bernardis}, P. and 
	{de Rosa}, A. and {de Zotti}, G. and {Delabrouille}, J. and 
	{Dickinson}, C. and {Diego}, J.~M. and {Donzelli}, S. and {Dor{\'e}}, O. and 
	{Douspis}, M. and {Ducout}, A. and {Dupac}, X. and {Elsner}, F. and 
	{En{\ss}lin}, T.~A. and {Eriksen}, H.~K. and {Falgarone}, E. and 
	{Ferri{\`e}re}, K. and {Forni}, O. and {Frailis}, M. and {Fraisse}, A.~A. and 
	{Franceschi}, E. and {Frejsel}, A. and {Galeotta}, S. and {Galli}, S. and 
	{Ganga}, K. and {Ghosh}, T. and {Giard}, M. and {Giraud-H{\'e}raud}, Y. and 
	{Gjerl{\o}w}, E. and {Gonz{\'a}lez-Nuevo}, J. and {Gregorio}, A. and 
	{Gruppuso}, A. and {Guillet}, V. and {Hansen}, F.~K. and {Hanson}, D. and 
	{Harrison}, D.~L. and {Hern{\'a}ndez-Monteagudo}, C. and {Herranz}, D. and 
	{Hildebrandt}, S.~R. and {Hivon}, E. and {Hobson}, M. and {Holmes}, W.~A. and 
	{Huffenberger}, K.~M. and {Hurier}, G. and {Jaffe}, A.~H. and 
	{Jaffe}, T.~R. and {Jones}, W.~C. and {Juvela}, M. and {Keskitalo}, R. and 
	{Kisner}, T.~S. and {Knoche}, J. and {Kunz}, M. and {Kurki-Suonio}, H. and 
	{Lagache}, G. and {Lamarre}, J.-M. and {Lasenby}, A. and {Lawrence}, C.~R. and 
	{Leonardi}, R. and {Levrier}, F. and {Liguori}, M. and {Lilje}, P.~B. and 
	{Linden-V{\o}rnle}, M. and {L{\'o}pez-Caniego}, M. and {Lubin}, P.~M. and 
	{Mac{\'{\i}}as-P{\'e}rez}, J.~F. and {Maffei}, B. and {Mandolesi}, N. and 
	{Mangilli}, A. and {Maris}, M. and {Martin}, P.~G. and {Mart{\'{\i}}nez-Gonz{\'a}lez}, E. and 
	{Masi}, S. and {Matarrese}, S. and {Mazzotta}, P. and {Melchiorri}, A. and 
	{Mendes}, L. and {Mennella}, A. and {Migliaccio}, M. and {Mitra}, S. and 
	{Miville-Desch{\^e}nes}, M.-A. and {Moneti}, A. and {Montier}, L. and 
	{Morgante}, G. and {Mortlock}, D. and {Munshi}, D. and {Murphy}, J.~A. and 
	{Naselsky}, P. and {Nati}, F. and {Natoli}, P. and {N{\o}rgaard-Nielsen}, H.~U. and 
	{Noviello}, F. and {Novikov}, D. and {Novikov}, I. and {Oppermann}, N. and 
	{Pagano}, L. and {Pajot}, F. and {Paladini}, R. and {Paoletti}, D. and 
	{Pasian}, F. and {Perrotta}, F. and {Pettorino}, V. and {Piacentini}, F. and 
	{Piat}, M. and {Pierpaoli}, E. and {Pietrobon}, D. and {Plaszczynski}, S. and 
	{Pointecouteau}, E. and {Polenta}, G. and {Pratt}, G.~W. and 
	{Puget}, J.-L. and {Rachen}, J.~P. and {Rebolo}, R. and {Reinecke}, M. and 
	{Remazeilles}, M. and {Renault}, C. and {Renzi}, A. and {Ricciardi}, S. and 
	{Ristorcelli}, I. and {Rocha}, G. and {Rosset}, C. and {Rossetti}, M. and 
	{Roudier}, G. and {Rubi{\~n}o-Mart{\'{\i}}n}, J.~A. and {Rusholme}, B. and 
	{Sandri}, M. and {Savelainen}, M. and {Savini}, G. and {Scott}, D. and 
	{Soler}, J.~D. and {Stolyarov}, V. and {Sutton}, D. and {Suur-Uski}, A.-S. and 
	{Sygnet}, J.-F. and {Tauber}, J.~A. and {Terenzi}, L. and {Toffolatti}, L. and 
	{Tomasi}, M. and {Tristram}, M. and {Tucci}, M. and {Valenziano}, L. and 
	{Valiviita}, J. and {Van Tent}, B. and {Vielva}, P. and {Villa}, F. and 
	{Wade}, L.~A. and {Wandelt}, B.~D. and {Yvon}, D. and {Zacchei}, A. and 
	{Zonca}, A.},
    title = "{Planck intermediate results. XXXIII. Signature of the magnetic field geometry of interstellar filaments in dust polarization maps}",
  journal = {ArXiv e-prints},
archivePrefix = "arXiv",
   eprint = {1411.2271},
 keywords = {Astrophysics - Astrophysics of Galaxies},
     year = 2014,
    month = nov,
   adsurl = {http://adsabs.harvard.edu/abs/2014arXiv1411.2271P},
  adsnote = {Provided by the SAO/NASA Astrophysics Data System}
}

@ARTICLE{2015ApJ...806..206B,
   author = {{BICEP2 and Keck Array Collaborations} and {Ade}, P.~A.~R. and 
	{Aikin}, R.~W. and {Barkats}, D. and {Benton}, S.~J. and {Bischoff}, C.~A. and 
	{Bock}, J.~J. and {Bradford}, K.~J. and {Brevik}, J.~A. and 
	{Buder}, I. and {Bullock}, E. and {Dowell}, C.~D. and {Duband}, L. and 
	{Filippini}, J.~P. and {Fliescher}, S. and {Golwala}, S.~R. and 
	{Halpern}, M. and {Hasselfield}, M. and {Hildebrandt}, S.~R. and 
	{Hilton}, G.~C. and {Hui}, H. and {Irwin}, K.~D. and {Kang}, J.~H. and 
	{Karkare}, K.~S. and {Kaufman}, J.~P. and {Keating}, B.~G. and 
	{Kefeli}, S. and {Kernasovskiy}, S.~A. and {Kovac}, J.~M. and 
	{Kuo}, C.~L. and {Leitch}, E.~M. and {Lueker}, M. and {Megerian}, K.~G. and 
	{Netterfield}, C.~B. and {Nguyen}, H.~T. and {O'Brient}, R. and 
	{Ogburn}, IV, R.~W. and {Orlando}, A. and {Pryke}, C. and {Richter}, S. and 
	{Schwarz}, R. and {Sheehy}, C.~D. and {Staniszewski}, Z.~K. and 
	{Sudiwala}, R.~V. and {Teply}, G.~P. and {Thompson}, K. and 
	{Tolan}, J.~E. and {Turner}, A.~D. and {Vieregg}, A.~G. and 
	{Weber}, A.~C. and {Wong}, C.~L. and {Yoon}, K.~W.},
    title = "{BICEP2/Keck Array. IV. Optical Characterization and Performance of the BICEP2 and Keck Array Experiments}",
  journal = {\apj},
archivePrefix = "arXiv",
   eprint = {1502.00596},
 primaryClass = "astro-ph.IM",
 keywords = {cosmic background radiation, cosmology: observations, gravitational waves, inflation, polarization},
     year = 2015,
    month = jun,
   volume = 806,
      eid = {206},
    pages = {206},
      doi = {10.1088/0004-637X/806/2/206},
   adsurl = {http://adsabs.harvard.edu/abs/2015ApJ...806..206B},
  adsnote = {Provided by the SAO/NASA Astrophysics Data System}
}



@ARTICLE{2004A&A...424..571B,
   author = {{Beno{\^i}t}, A. and {Ade}, P. and {Amblard}, A. and {Ansari}, R. and 
	{Aubourg}, {\'E}. and {Bargot}, S. and {Bartlett}, J.~G. and 
	{Bernard}, J.-P. and {Bhatia}, R.~S. and {Blanchard}, A. and 
	{Bock}, J.~J. and {Boscaleri}, A. and {Bouchet}, F.~R. and {Bourrachot}, A. and 
	{Camus}, P. and {Couchot}, F. and {de Bernardis}, P. and {Delabrouille}, J. and 
	{D{\'e}sert}, F.-X. and {Dor{\'e}}, O. and {Douspis}, M. and 
	{Dumoulin}, L. and {Dupac}, X. and {Filliatre}, P. and {Fosalba}, P. and 
	{Ganga}, K. and {Gannaway}, F. and {Gautier}, B. and {Giard}, M. and 
	{Giraud-H{\'e}raud}, Y. and {Gispert}, R. and {Guglielmi}, L. and 
	{Hamilton}, J.-C. and {Hanany}, S. and {Henrot-Versill{\'e}}, S. and 
	{Kaplan}, J. and {Lagache}, G. and {Lamarre}, J.-M. and {Lange}, A.~E. and 
	{Mac{\'{\i}}as-P{\'e}rez}, J.~F. and {Madet}, K. and {Maffei}, B. and 
	{Magneville}, C. and {Marrone}, D.~P. and {Masi}, S. and {Mayet}, F. and 
	{Murphy}, A. and {Naraghi}, F. and {Nati}, F. and {Patanchon}, G. and 
	{Perrin}, G. and {Piat}, M. and {Ponthieu}, N. and {Prunet}, S. and 
	{Puget}, J.-L. and {Renault}, C. and {Rosset}, C. and {Santos}, D. and 
	{Starobinsky}, A. and {Strukov}, I. and {Sudiwala}, R.~V. and 
	{Teyssier}, R. and {Tristram}, M. and {Tucker}, C. and {Vanel}, J.-C. and 
	{Vibert}, D. and {Wakui}, E. and {Yvon}, D.},
    title = "{First detection of polarization of the submillimetre diffuse galactic dust emission by Archeops}",
  journal = {\aap},
   eprint = {astro-ph/0306222},
 keywords = {cosmology: cosmic microwave background, cosmology: observations, ISM: dust extinction, polarization, submillimeter},
     year = 2004,
    month = sep,
   volume = 424,
    pages = {571-582},
      doi = {10.1051/0004-6361:20040042},
   adsurl = {http://adsabs.harvard.edu/abs/2004A%26A...424..571B},
  adsnote = {Provided by the SAO/NASA Astrophysics Data System}
}



@ARTICLE{2016arXiv160100546P,
   author = {{Planck Collaboration} and {Adam}, R. and {Ade}, P.~A.~R. and 
	{Alves}, M.~I.~R. and {Ashdown}, M. and {Aumont}, J. and {Baccigalupi}, C. and 
	{Banday}, A.~J. and {Barreiro}, R.~B. and {Bartolo}, N. and 
	{Battaner}, E. and {Benabed}, K. and {Benoit-L{\'e}vy}, A. and 
	{Bernard}, J.-P. and {Bersanelli}, M. and {Bielewicz}, P. and 
	{Bonavera}, L. and {Bond}, J.~R. and {Borrill}, J. and {Bouchet}, F.~R. and 
	{Boulanger}, F. and {Bucher}, M. and {Burigana}, C. and {Butler}, R.~C. and 
	{Calabrese}, E. and {Cardoso}, J.-F. and {Catalano}, A. and 
	{Chiang}, H.~C. and {Christensen}, P.~R. and {Colombo}, L.~P.~L. and 
	{Combet}, C. and {Couchot}, F. and {Crill}, B.~P. and {Curto}, A. and 
	{Cuttaia}, F. and {Danese}, L. and {Davis}, R.~J. and {de Bernardis}, P. and 
	{de Rosa}, A. and {de Zotti}, G. and {Delabrouille}, J. and 
	{Dickinson}, C. and {Diego}, J.~M. and {Dolag}, K. and {Dor{\'e}}, O. and 
	{Ducout}, A. and {Dupac}, X. and {Elsner}, F. and {En{\ss}lin}, T.~A. and 
	{Eriksen}, H.~K. and {Ferri{\`e}re}, K. and {Finelli}, F. and 
	{Forni}, O. and {Frailis}, M. and {Fraisse}, A.~A. and {Franceschi}, E. and 
	{Galeotta}, S. and {Ganga}, K. and {Ghosh}, T. and {Giard}, M. and 
	{Gjerl{\o}w}, E. and {Gonz{\'a}lez-Nuevo}, J. and {G{\'o}rski}, K.~M. and 
	{Gregorio}, A. and {Gruppuso}, A. and {Gudmundsson}, J.~E. and 
	{Hansen}, F.~K. and {Harrison}, D.~L. and {Hern{\'a}ndez-Monteagudo}, C. and 
	{Herranz}, D. and {Hildebrandt}, S.~R. and {Hobson}, M. and 
	{Hornstrup}, A. and {Hurier}, G. and {Jaffe}, A.~H. and {Jaffe}, T.~R. and 
	{Jones}, W.~C. and {Juvela}, M. and {Keih{\"a}nen}, E. and {Keskitalo}, R. and 
	{Kisner}, T.~S. and {Knoche}, J. and {Kunz}, M. and {Kurki-Suonio}, H. and 
	{Lamarre}, J.-M. and {Lasenby}, A. and {Lattanzi}, M. and {Lawrence}, C.~R. and 
	{Leahy}, J.~P. and {Leonardi}, R. and {Levrier}, F. and {Lilje}, P.~B. and 
	{Linden-V{\o}rnle}, M. and {L{\'o}pez-Caniego}, M. and {Lubin}, P.~M. and 
	{Mac{\'{\i}}as-P{\'e}rez}, J.~F. and {Maggio}, G. and {Maino}, D. and 
	{Mandolesi}, N. and {Mangilli}, A. and {Maris}, M. and {Martin}, P.~G. and 
	{Masi}, S. and {Melchiorri}, A. and {Mennella}, A. and {Migliaccio}, M. and 
	{Miville-Desch{\^e}nes}, M.-A. and {Moneti}, A. and {Montier}, L. and 
	{Morgante}, G. and {Munshi}, D. and {Murphy}, J.~A. and {Naselsky}, P. and 
	{Nati}, F. and {Natoli}, P. and {N{\o}rgaard-Nielsen}, H.~U. and 
	{Oppermann}, N. and {Orlando}, E. and {Pagano}, L. and {Pajot}, F. and 
	{Paladini}, R. and {Paoletti}, D. and {Pasian}, F. and {Perotto}, L. and 
	{Pettorino}, V. and {Piacentini}, F. and {Piat}, M. and {Pierpaoli}, E. and 
	{Plaszczynski}, S. and {Pointecouteau}, E. and {Polenta}, G. and 
	{Ponthieu}, N. and {Pratt}, G.~W. and {Prunet}, S. and {Puget}, J.-L. and 
	{Rachen}, J.~P. and {Reinecke}, M. and {Remazeilles}, M. and 
	{Renault}, C. and {Renzi}, A. and {Ristorcelli}, I. and {Rocha}, G. and 
	{Rossetti}, M. and {Roudier}, G. and {Rubi{\~n}o-Mart{\'{\i}}n}, J.~A. and 
	{Rusholme}, B. and {Sandri}, M. and {Santos}, D. and {Savelainen}, M. and 
	{Scott}, D. and {Spencer}, L.~D. and {Stolyarov}, V. and {Stompor}, R. and 
	{Strong}, A.~W. and {Sudiwala}, R. and {Sunyaev}, R. and {Suur-Uski}, A.-S. and 
	{Sygnet}, J.-F. and {Tauber}, J.~A. and {Terenzi}, L. and {Toffolatti}, L. and 
	{Tomasi}, M. and {Tristram}, M. and {Tucci}, M. and {Valenziano}, L. and 
	{Valiviita}, J. and {Van Tent}, B. and {Vielva}, P. and {Villa}, F. and 
	{Wade}, L.~A. and {Wandelt}, B.~D. and {Wehus}, I.~K. and {Yvon}, D. and 
	{Zacchei}, A. and {Zonca}, A.},
    title = "{Planck intermediate results. XLII. Large-scale Galactic magnetic fields}",
  journal = {ArXiv e-prints},
archivePrefix = "arXiv",
   eprint = {1601.00546},
 keywords = {Astrophysics - Astrophysics of Galaxies},
     year = 2016,
    month = jan,
   adsurl = {http://adsabs.harvard.edu/abs/2016arXiv160100546P},
  adsnote = {Provided by the SAO/NASA Astrophysics Data System}
}


@ARTICLE{Ritacco2015,
   author = {{Ritacco}, A. and {Adam}, R. and {Adane}, A. and {Ade}, P. and 
	{Andr{\'e}}, P. and {Beelen}, A. and {Belier}, B. and {Beno{\^i}t}, A. and 
	{Bideaud}, A. and {Billot}, N. and {Bourrion}, O. and {Calvo}, M. and 
	{Catalano}, A. and {Coiffard}, G. and {Comis}, B. and {D'Addabbo}, A. and 
	{D{\'e}sert}, F.-X. and {Doyle}, S. and {Goupy}, J. and {Kramer}, C. and 
	{Leclercq}, S. and {Mac{\'{\i}}as-P{\'e}rez}, J.~F. and {Martino}, J. and 
	{Mauskopf}, P. and {Maury}, A. and {Mayet}, F. and {Monfardini}, A. and 
	{Pajot}, F. and {Pascale}, E. and {Perotto}, L. and {Pisano}, G. and 
	{Ponthieu}, N. and {Rebolo-Iglesias}, M. and {Rev{\'e}ret}, V. and 
	{Rodriguez}, L. and {Savini}, G. and {Schuster}, K. and {Sievers}, A. and 
	{Thum}, C. and {Triqueneaux}, S. and {Tucker}, C. and {Zylka}, R.
	},
    title = "{First Polarised Light with the NIKA Camera}",
  journal = {Journal of Low Temperature Physics},
archivePrefix = "arXiv",
   eprint = {1508.00747},
 primaryClass = "astro-ph.IM",
 keywords = {Millimeter astronomy, Polarisation, KIDs, NIKA},
     year = 2016,
    month = aug,
   volume = 184,
    pages = {724-732},
      doi = {10.1007/s10909-015-1340-8},
   adsurl = {http://adsabs.harvard.edu/abs/2016JLTP..184..724R},
  adsnote = {Provided by the SAO/NASA Astrophysics Data System}
}

@ARTICLE{2015A&A...576A.104P,
   author = {{Planck Collaboration} and {Ade}, P.~A.~R. and {Aghanim}, N. and 
	{Alina}, D. and {Alves}, M.~I.~R. and {Armitage-Caplan}, C. and 
	{Arnaud}, M. and {Arzoumanian}, D. and {Ashdown}, M. and {Atrio-Barandela}, F. and et al.},
    title = "{Planck intermediate results. XIX. An overview of the polarized thermal emission from Galactic dust}",
  journal = {\aap},
archivePrefix = "arXiv",
   eprint = {1405.0871},
 keywords = {ISM: general, dust, extinction, ISM: magnetic fields, ISM:, clouds, submillimeter: ISM},
     year = 2015,
    month = apr,
   volume = 576,
      eid = {A104},
    pages = {A104},
      doi = {10.1051/0004-6361/201424082},
   adsurl = {http://adsabs.harvard.edu/abs/2015A%26A...576A.104P},
  adsnote = {Provided by the SAO/NASA Astrophysics Data System}
}

@ARTICLE{2015arXiv150201587P,
   author = {{Planck Collaboration} and {Adam}, R. and {Ade}, P.~A.~R. and 
	{Aghanim}, N. and {Arnaud}, M. and {Ashdown}, M. and {Aumont}, J. and 
	{Baccigalupi}, C. and {Banday}, A.~J. and {Barreiro}, R.~B. and et al.},
    title = "{Planck 2015 results. VIII. High Frequency Instrument data processing: Calibration and maps}",
  journal = {ArXiv e-prints},
archivePrefix = "arXiv",
   eprint = {1502.01587},
 keywords = {Astrophysics - Cosmology and Nongalactic Astrophysics, Astrophysics - Instrumentation and Methods for Astrophysics},
     year = 2015,
    month = feb,
   adsurl = {http://adsabs.harvard.edu/abs/2015arXiv150201587P},
  adsnote = {Provided by the SAO/NASA Astrophysics Data System}
}

@ARTICLE{2014A&A...571A...8P,
   author = {{Planck Collaboration} and {Ade}, P.~A.~R. and {Aghanim}, N. and 
	{Armitage-Caplan}, C. and {Arnaud}, M. and {Ashdown}, M. and 
	{Atrio-Barandela}, F. and {Aumont}, J. and {Baccigalupi}, C. and 
	{Banday}, A.~J. and et al.},
    title = "{Planck 2013 results. VIII. HFI photometric calibration and mapmaking}",
  journal = {\aap},
archivePrefix = "arXiv",
   eprint = {1303.5069},
 keywords = {cosmic background radiation, cosmology: observations, surveys, methods: data analysis},
     year = 2014,
    month = nov,
   volume = 571,
      eid = {A8},
    pages = {A8},
      doi = {10.1051/0004-6361/201321538},
   adsurl = {http://adsabs.harvard.edu/abs/2014A%26A...571A...8P},
  adsnote = {Provided by the SAO/NASA Astrophysics Data System}
}


@ARTICLE{2014prpl.conf...27A,
   author = {{Andr{\'e}}, P. and {Di Francesco}, J. and {Ward-Thompson}, D. and 
	{Inutsuka}, S.-I. and {Pudritz}, R.~E. and {Pineda}, J.~E.},
    title = "{From Filamentary Networks to Dense Cores in Molecular Clouds: Toward a New Paradigm for Star Formation}",
  journal = {Protostars and Planets VI},
archivePrefix = "arXiv",
   eprint = {1312.6232},
     year = 2014,
    pages = {27-51},
      doi = {10.2458/azu_uapress_9780816531240-ch002},
   adsurl = {http://adsabs.harvard.edu/abs/2014prpl.conf...27A},
  adsnote = {Provided by the SAO/NASA Astrophysics Data System}
}


@ARTICLE{2010A&A...518L.102A,
   author = {{Andr{\'e}}, P. and {Men'shchikov}, A. and {Bontemps}, S. and 
	{K{\"o}nyves}, V. and {Motte}, F. and {Schneider}, N. and {Didelon}, P. and 
	{Minier}, V. and {Saraceno}, P. and {Ward-Thompson}, D. and 
	{di Francesco}, J. and {White}, G. and {Molinari}, S. and {Testi}, L. and 
	{Abergel}, A. and {Griffin}, M. and {Henning}, T. and {Royer}, P. and 
	{Mer{\'{\i}}n}, B. and {Vavrek}, R. and {Attard}, M. and {Arzoumanian}, D. and 
	{Wilson}, C.~D. and {Ade}, P. and {Aussel}, H. and {Baluteau}, J.-P. and 
	{Benedettini}, M. and {Bernard}, J.-P. and {Blommaert}, J.~A.~D.~L. and 
	{Cambr{\'e}sy}, L. and {Cox}, P. and {di Giorgio}, A. and {Hargrave}, P. and 
	{Hennemann}, M. and {Huang}, M. and {Kirk}, J. and {Krause}, O. and 
	{Launhardt}, R. and {Leeks}, S. and {Le Pennec}, J. and {Li}, J.~Z. and 
	{Martin}, P.~G. and {Maury}, A. and {Olofsson}, G. and {Omont}, A. and 
	{Peretto}, N. and {Pezzuto}, S. and {Prusti}, T. and {Roussel}, H. and 
	{Russeil}, D. and {Sauvage}, M. and {Sibthorpe}, B. and {Sicilia-Aguilar}, A. and 
	{Spinoglio}, L. and {Waelkens}, C. and {Woodcraft}, A. and {Zavagno}, A.
	},
    title = "{From filamentary clouds to prestellar cores to the stellar IMF: Initial highlights from the Herschel Gould Belt Survey}",
  journal = {\aap},
archivePrefix = "arXiv",
   eprint = {1005.2618},
 keywords = {stars: formation, circumstellar matter, ISM: clouds, ISM: structure, submillimeter: ISM},
     year = 2010,
    month = jul,
   volume = 518,
      eid = {L102},
    pages = {L102},
      doi = {10.1051/0004-6361/201014666},
   adsurl = {http://adsabs.harvard.edu/abs/2010A%26A...518L.102A},
  adsnote = {Provided by the SAO/NASA Astrophysics Data System}
}

@ARTICLE{2010A&A...518L.100M,
   author = {{Molinari}, S. and {Swinyard}, B. and {Bally}, J. and {Barlow}, M. and 
	{Bernard}, J.-P. and {Martin}, P. and {Moore}, T. and {Noriega-Crespo}, A. and 
	{Plume}, R. and {Testi}, L. and {Zavagno}, A. and {Abergel}, A. and 
	{Ali}, B. and {Anderson}, L. and {Andr{\'e}}, P. and {Baluteau}, J.-P. and 
	{Battersby}, C. and {Beltr{\'a}n}, M.~T. and {Benedettini}, M. and 
	{Billot}, N. and {Blommaert}, J. and {Bontemps}, S. and {Boulanger}, F. and 
	{Brand}, J. and {Brunt}, C. and {Burton}, M. and {Calzoletti}, L. and 
	{Carey}, S. and {Caselli}, P. and {Cesaroni}, R. and {Cernicharo}, J. and 
	{Chakrabarti}, S. and {Chrysostomou}, A. and {Cohen}, M. and 
	{Compiegne}, M. and {de Bernardis}, P. and {de Gasperis}, G. and 
	{di Giorgio}, A.~M. and {Elia}, D. and {Faustini}, F. and {Flagey}, N. and 
	{Fukui}, Y. and {Fuller}, G.~A. and {Ganga}, K. and {Garcia-Lario}, P. and 
	{Glenn}, J. and {Goldsmith}, P.~F. and {Griffin}, M. and {Hoare}, M. and 
	{Huang}, M. and {Ikhenaode}, D. and {Joblin}, C. and {Joncas}, G. and 
	{Juvela}, M. and {Kirk}, J.~M. and {Lagache}, G. and {Li}, J.~Z. and 
	{Lim}, T.~L. and {Lord}, S.~D. and {Marengo}, M. and {Marshall}, D.~J. and 
	{Masi}, S. and {Massi}, F. and {Matsuura}, M. and {Minier}, V. and 
	{Miville-Desch{\^e}nes}, M.-A. and {Montier}, L.~A. and {Morgan}, L. and 
	{Motte}, F. and {Mottram}, J.~C. and {M{\"u}ller}, T.~G. and 
	{Natoli}, P. and {Neves}, J. and {Olmi}, L. and {Paladini}, R. and 
	{Paradis}, D. and {Parsons}, H. and {Peretto}, N. and {Pestalozzi}, M. and 
	{Pezzuto}, S. and {Piacentini}, F. and {Piazzo}, L. and {Polychroni}, D. and 
	{Pomar{\`e}s}, M. and {Popescu}, C.~C. and {Reach}, W.~T. and 
	{Ristorcelli}, I. and {Robitaille}, J.-F. and {Robitaille}, T. and 
	{Rod{\'o}n}, J.~A. and {Roy}, A. and {Royer}, P. and {Russeil}, D. and 
	{Saraceno}, P. and {Sauvage}, M. and {Schilke}, P. and {Schisano}, E. and 
	{Schneider}, N. and {Schuller}, F. and {Schulz}, B. and {Sibthorpe}, B. and 
	{Smith}, H.~A. and {Smith}, M.~D. and {Spinoglio}, L. and {Stamatellos}, D. and 
	{Strafella}, F. and {Stringfellow}, G.~S. and {Sturm}, E. and 
	{Taylor}, R. and {Thompson}, M.~A. and {Traficante}, A. and 
	{Tuffs}, R.~J. and {Umana}, G. and {Valenziano}, L. and {Vavrek}, R. and 
	{Veneziani}, M. and {Viti}, S. and {Waelkens}, C. and {Ward-Thompson}, D. and 
	{White}, G. and {Wilcock}, L.~A. and {Wyrowski}, F. and {Yorke}, H.~W. and 
	{Zhang}, Q.},
    title = "{Clouds, filaments, and protostars: The Herschel Hi-GAL Milky Way}",
  journal = {\aap},
archivePrefix = "arXiv",
   eprint = {1005.3317},
 keywords = {stars: formation, ISM: structure, ISM: clouds, Galaxy: general},
     year = 2010,
    month = jul,
   volume = 518,
      eid = {L100},
    pages = {L100},
      doi = {10.1051/0004-6361/201014659},
   adsurl = {http://adsabs.harvard.edu/abs/2010A%26A...518L.100M},
  adsnote = {Provided by the SAO/NASA Astrophysics Data System}
}

@ARTICLE{benoit2004,
   author = {{Beno{\^i}t}, A. and {Ade}, P. and {Amblard}, A. and {Ansari}, R. and 
	{Aubourg}, {\'E}. and {Bargot}, S. and {Bartlett}, J.~G. and 
	{Bernard}, J.-P. and {Bhatia}, R.~S. and {Blanchard}, A. and 
	{Bock}, J.~J. and {Boscaleri}, A. and {Bouchet}, F.~R. and {Bourrachot}, A. and 
	{Camus}, P. and {Couchot}, F. and {de Bernardis}, P. and {Delabrouille}, J. and 
	{D{\'e}sert}, F.-X. and {Dor{\'e}}, O. and {Douspis}, M. and 
	{Dumoulin}, L. and {Dupac}, X. and {Filliatre}, P. and {Fosalba}, P. and 
	{Ganga}, K. and {Gannaway}, F. and {Gautier}, B. and {Giard}, M. and 
	{Giraud-H{\'e}raud}, Y. and {Gispert}, R. and {Guglielmi}, L. and 
	{Hamilton}, J.-C. and {Hanany}, S. and {Henrot-Versill{\'e}}, S. and 
	{Kaplan}, J. and {Lagache}, G. and {Lamarre}, J.-M. and {Lange}, A.~E. and 
	{Mac{\'{\i}}as-P{\'e}rez}, J.~F. and {Madet}, K. and {Maffei}, B. and 
	{Magneville}, C. and {Marrone}, D.~P. and {Masi}, S. and {Mayet}, F. and 
	{Murphy}, A. and {Naraghi}, F. and {Nati}, F. and {Patanchon}, G. and 
	{Perrin}, G. and {Piat}, M. and {Ponthieu}, N. and {Prunet}, S. and 
	{Puget}, J.-L. and {Renault}, C. and {Rosset}, C. and {Santos}, D. and 
	{Starobinsky}, A. and {Strukov}, I. and {Sudiwala}, R.~V. and 
	{Teyssier}, R. and {Tristram}, M. and {Tucker}, C. and {Vanel}, J.-C. and 
	{Vibert}, D. and {Wakui}, E. and {Yvon}, D.},
    title = "{First detection of polarization of the submillimetre diffuse galactic dust emission by Archeops}",
  journal = {\aap},
   eprint = {astro-ph/0306222},
 keywords = {cosmology: cosmic microwave background, cosmology: observations, ISM: dust extinction, polarization, submillimeter},
     year = 2004,
    month = sep,
   volume = 424,
    pages = {571-582},
      doi = {10.1051/0004-6361:20040042},
   adsurl = {http://adsabs.harvard.edu/abs/2004A%26A...424..571B},
  adsnote = {Provided by the SAO/NASA Astrophysics Data System}
}

@ARTICLE{savini2006,
   author = {{Savini}, G. and {Pisano}, G. and {Ade}, P.~A.~R.},
    title = "{Achromatic half-wave plate for submillimeter instruments in cosmic microwave background astronomy: modeling and simulation}",
  journal = {\ao},
 keywords = {Polarimetry, Polarization-sensitive devices, Ellipsometry and polarimetry, Astronomical optics},
     year = 2006,
    month = dec,
   volume = 45,
    pages = {8907-8915},
      doi = {10.1364/AO.45.008907},
   adsurl = {http://adsabs.harvard.edu/abs/2006ApOpt..45.8907S},
  adsnote = {Provided by the SAO/NASA Astrophysics Data System}
}

@ARTICLE{carma,
   author = {{Hull}, C.~L.~H. and {Plambeck}, R.~L.},
    title = "{The 1.3mm Full-Stokes Polarization System at CARMA}",
  journal = {Journal of Astronomical Instrumentation },
archivePrefix = "arXiv",
   eprint = {1506.04771},
 primaryClass = "astro-ph.IM",
 keywords = {Instrumentation: interferometers, instrumentation: polarimeters, techniques: polarimetric, techniques: interferometric, polarization},
     year = 2015,
    month = jun,
   volume = 4,
      eid = {1550005},
    pages = {50005},
      doi = {10.1142/S2251171715500051},
   adsurl = {http://adsabs.harvard.edu/abs/2015JAI.....450005H},
  adsnote = {Provided by the SAO/NASA Astrophysics Data System}
}

@ARTICLE{Perley2013,
   author = {{Perley}, R.~A. and {Butler}, B.~J.},
    title = "{Integrated Polarization Properties of 3C48, 3C138, 3C147, and 3C286}",
  journal = {\apjs},
archivePrefix = "arXiv",
   eprint = {1302.6662},
 primaryClass = "astro-ph.IM",
 keywords = {instrumentation: interferometers, methods: data analysis, methods: observational, techniques: interferometric, techniques: polarimetric},
     year = 2013,
    month = jun,
   volume = 206,
      eid = {16},
    pages = {16},
      doi = {10.1088/0067-0049/206/2/16},
   adsurl = {http://adsabs.harvard.edu/abs/2013ApJS..206...16P},
  adsnote = {Provided by the SAO/NASA Astrophysics Data System}
}

@ARTICLE{xpol,
   author = {{Agudo}, I. and {Thum}, C. and {Wiesemeyer}, H. and {Molina}, S.~N. and 
	{Casadio}, C. and {G{\'o}mez}, J.~L. and {Emmanoulopoulos}, D.
	},
    title = "{3C 286: a bright, compact, stable, and highly polarized calibrator for millimeter-wavelength observations}",
  journal = {\aap},
archivePrefix = "arXiv",
   eprint = {1201.2150},
 primaryClass = "astro-ph.IM",
 keywords = {polarization, instrumentation: polarimeters, techniques: polarimetric, quasars: individual: 3C 286, submillimeter: general, radio continuum: general},
     year = 2012,
    month = may,
   volume = 541,
      eid = {A111},
    pages = {A111},
      doi = {10.1051/0004-6361/201218801},
   adsurl = {http://adsabs.harvard.edu/abs/2012A%26A...541A.111A},
  adsnote = {Provided by the SAO/NASA Astrophysics Data System}
}

@ARTICLE{chini1997,
   author = {{Chini}, R. and {Reipurth}, B. and {Ward-Thompson}, D. and {Bally}, J. and 
	{Nyman}, L.-{\AA}. and {Sievers}, A. and {Billawala}, Y.},
    title = "{Dust Filaments and Star Formation in OMC-2 and OMC-3}",
  journal = {\apjl},
 keywords = {STARS: FORMATION, ISM: CLOUDS, ISM: INDIVIDUAL ALPHANUMERIC: OMC-2, ISM: INDIVIDUAL ALPHANUMERIC: OMC-3, ISM: Clouds, ISM: individual (OMC-2, OMC-3), Stars: Formation},
     year = 1997,
    month = jan,
   volume = 474,
    pages = {L135-L138},
      doi = {10.1086/310436},
   adsurl = {http://cdsads.u-strasbg.fr/abs/1997ApJ...474L.135C},
  adsnote = {Provided by the SAO/NASA Astrophysics Data System}
}

@ARTICLE{Polka_apex,
   author = {{Wiesemeyer}, H. and {Hezareh}, T. and {Kreysa}, E. and {Weiss}, A. and 
	{G{\"u}sten}, R. and {Menten}, K.~M. and {Siringo}, G. and {Schuller}, F. and 
	{Kovacs}, A.},
    title = "{Submillimeter Polarimetry with PolKa, a Reflection-Type Modulator for the APEX Telescope}",
  journal = {\pasp},
archivePrefix = "arXiv",
   eprint = {1408.5100},
 primaryClass = "astro-ph.IM",
     year = 2014,
    month = nov,
   volume = 126,
    pages = {1027-1047},
      doi = {10.1086/679002},
   adsurl = {http://adsabs.harvard.edu/abs/2014PASP..126.1027W},
  adsnote = {Provided by the SAO/NASA Astrophysics Data System}
}
@ARTICLE{2015ApJ...808L..26L,
   author = {{Lee}, S.-S. and {Kang}, S. and {Byun}, D.-Y. and {Chapman}, N. and 
	{Novak}, G. and {Trippe}, S. and {Algaba}, J.~C. and {Kino}, M.
	},
    title = "{First Detection of 350 Micron Polarization from a Radio-loud AGN}",
  journal = {\apjl},
archivePrefix = "arXiv",
   eprint = {1507.03310},
 keywords = {galaxies: active, galaxies: jets, polarization, quasars: individual: 3C 279, radiation mechanisms: non-thermal, techniques: polarimetric},
     year = 2015,
    month = jul,
   volume = 808,
      eid = {L26},
    pages = {L26},
      doi = {10.1088/2041-8205/808/1/L26},
   adsurl = {http://adsabs.harvard.edu/abs/2015ApJ...808L..26L},
  adsnote = {Provided by the SAO/NASA Astrophysics Data System}
}

@ARTICLE{Fiege2000,
   author = {{Fiege}, J.~D. and {Pudritz}, R.~E.},
    title = "{Polarized Submillimeter Emission from Filamentary Molecular Clouds}",
  journal = {\apj},
   eprint = {astro-ph/0005363},
 keywords = {ISM: Clouds, ISM: Magnetic Fields, ISM: Molecules, Magnetohydrodynamics: MHD, Polarization},
     year = 2000,
    month = dec,
   volume = 544,
    pages = {830-837},
      doi = {10.1086/317228},
   adsurl = {http://adsabs.harvard.edu/abs/2000ApJ...544..830F},
  adsnote = {Provided by the SAO/NASA Astrophysics Data System}
}

@ARTICLE{Matthews2002,
   author = {{Matthews}, B.~C. and {Fiege}, J.~D. and {Moriarty-Schieven}, G.
	},
    title = "{Magnetic Fields in Star-forming Molecular Clouds. III. Submillimeter Polarimetry of Intermediate-Mass Cores and Filaments in Orion B}",
  journal = {\apj},
   eprint = {astro-ph/0201347},
 keywords = {ISM: Clouds, ISM: Magnetic Fields, Polarization, Stars: Formation, Submillimeter},
     year = 2002,
    month = apr,
   volume = 569,
    pages = {304-321},
      doi = {10.1086/339318},
   adsurl = {http://adsabs.harvard.edu/abs/2002ApJ...569..304M},
  adsnote = {Provided by the SAO/NASA Astrophysics Data System}
}



@ARTICLE{Ogle1997,
   author = {{Ogle}, P.~M. and {Cohen}, M.~H. and {Miller}, J.~S. and {Tran}, H.~D. and 
	{Fosbury}, R.~A.~E. and {Goodrich}, R.~W.},
    title = "{Scattered Nuclear Continuum and Broad H{$\alpha$} in Cygnus A}",
  journal = {\apjl},
   eprint = {astro-ph/9703153},
 keywords = {GALAXIES: ACTIVE, GALAXIES: INDIVIDUAL NAME: CYGNUS A, Galaxies: Active, Galaxies: Individual: Name: Cygnus A},
     year = 1997,
    month = jun,
   volume = 482,
    pages = {L37-L40},
      doi = {10.1086/310675},
   adsurl = {http://adsabs.harvard.edu/abs/1997ApJ...482L..37O},
  adsnote = {Provided by the SAO/NASA Astrophysics Data System}
}


@ARTICLE{brenda2000,
   author = {{Matthews}, B.~C. and {Wilson}, C.~D.},
    title = "{Magnetic Fields in Star-forming Molecular Clouds. I. The First Polarimetry of OMC-3 in Orion A}",
  journal = {\apj},
   eprint = {astro-ph/9911148},
 keywords = {ISM: CLOUDS, ISM: MAGNETIC FIELDS, ISM: MOLECULES, POLARIZATION, STARS: FORMATION, SUBMILLIMETER},
     year = 2000,
    month = mar,
   volume = 531,
    pages = {868-872},
      doi = {10.1086/308523},
   adsurl = {http://adsabs.harvard.edu/abs/2000ApJ...531..868M},
  adsnote = {Provided by the SAO/NASA Astrophysics Data System}
}

@ARTICLE{schle1998,
   author = {{Schleuning}, D.~A.},
    title = "{Far-Infrared and Submillimeter Polarization of OMC-1: Evidence for Magnetically Regulated Star Formation}",
  journal = {\apj},
 keywords = {ISM: H II REGIONS, INFRARED: ISM: CONTINUUM, ISM: INDIVIDUAL NAME: ORION NEBULA, ISM: MAGNETIC FIELDS, POLARIZATION, STARS: FORMATION, ISM: H II Regions, Infrared: ISM: Continuum, ISM: Individual: Name: Orion Nebula, ISM: Magnetic Fields, Polarization, Stars: Formation},
     year = 1998,
    month = jan,
   volume = 493,
    pages = {811-825},
      doi = {10.1086/305139},
   adsurl = {http://adsabs.harvard.edu/abs/1998ApJ...493..811S},
  adsnote = {Provided by the SAO/NASA Astrophysics Data System}
}

%%%%%%%%%%%%%%%%%%%%%%%%%%%%%%%%%%%%%%%%%%%%%%%
%%%%%%%%%%% General papers
%%%%%%%%%%%%%%%%%%%%%%%%%%%%%%%%%%%%%%%%%%%%%%%

@ARTICLE{dicke,
   author = {{Dicke}, R.~H. and {Beringer}, R. and {Kuhl}, R.~L. and 
	{Vane}, A.~B.},
    title = "{Atmospheric absorption measurements with a microwave
radiometer}",
  journal = {Phys. Rev.},
     year = 1946,
    month = may,
   volume = 70,
    pages = {340-348},
  adsnote = {Provided by the SAO/NASA Astrophysics Data System}
}

@INPROCEEDINGS{Doyle2008,
   author = {{Doyle}, S. and {Naylon}, J. and {Mauskopf}, P. and {Porch}, A. and 
	{Withington}, S. and {Goldie}, D. and {Glowacka}, D.~M. and 
	{Baselmans}, J.~J.~A. and {Yates}, S.~J.~C. and {Hoevers}, H.
	},
    title = "{Lumped element kinetic inductance detectors for far-infrared astronomy}",
booktitle = {Society of Photo-Optical Instrumentation Engineers (SPIE) Conference Series},
     year = 2008,
   series = {Society of Photo-Optical Instrumentation Engineers (SPIE) Conference Series},
   volume = 7020,
    month = jul,
      eid = {70200T},
    pages = {0},
      doi = {10.1117/12.788941},
   adsurl = {http://adsabs.harvard.edu/abs/2008SPIE.7020E..0TD},
  adsnote = {Provided by the SAO/NASA Astrophysics Data System}
}

@ARTICLE{siringo2003,
   author = {{Siringo}, G. and {Kreysa}, E. and {Reichertz}, L.~A. and {Menten}, K.~M.
	},
    title = "{A new polarimeter for (sub)millimeter bolometer arrays}",
  journal = {\aap},
 keywords = {instrumentation: polarimeters, quasars: individual: 3C 279, 1633+382, ISM: individual objects: OMC 1, OMC 3, IRAS 05358+3543},
     year = 2004,
    month = aug,
   volume = 422,
    pages = {751-760},
      doi = {10.1051/0004-6361:20035832},
   adsurl = {http://adsabs.harvard.edu/abs/2004A%26A...422..751S},
  adsnote = {Provided by the SAO/NASA Astrophysics Data System}
}

@ARTICLE{scubapol,
   author = {{Matthews}, B.~C. and {McPhee}, C.~A. and {Fissel}, L.~M. and 
	{Curran}, R.~L.},
    title = "{The Legacy of SCUPOL: 850 {$\mu$}m Imaging Polarimetry from 1997 to 2005}",
  journal = {\apjs},
 keywords = {ISM: clouds, ISM: magnetic fields, polarization, stars: formation, submillimeter},
     year = 2009,
    month = may,
   volume = 182,
    pages = {143-204},
      doi = {10.1088/0067-0049/182/1/143},
   adsurl = {http://adsabs.harvard.edu/abs/2009ApJS..182..143M},
  adsnote = {Provided by the SAO/NASA Astrophysics Data System}
}
@article {BLTJ:BLTJ453,
author = {Rice, S. O.},
title = {Mathematical Analysis of Random Noise},
journal = {Bell System Technical Journal},
volume = {24},
number = {1},
publisher = {Blackwell Publishing Ltd},
issn = {1538-7305},
url = {http://dx.doi.org/10.1002/j.1538-7305.1945.tb00453.x},
doi = {10.1002/j.1538-7305.1945.tb00453.x},
pages = {46--156},
year = {1945},
}
@BOOK{1971smep.book.....E,
   author = {{Eadie}, W.~T. and {Drijard}, D. and {James}, F.~E.},
    title = "{Statistical methods in experimental physics}",
booktitle = {Amsterdam: North-Holland, 1971},
     year = 1971,
   adsurl = {http://adsabs.harvard.edu/abs/1971smep.book.....E},
  adsnote = {Provided by the SAO/NASA Astrophysics Data System}
}

@ARTICLE{moncelsi2014,
   author = {{Moncelsi}, L. and {Ade}, P.~A.~R. and {Angil{\`e}}, F.~E. and 
	{Benton}, S.~J. and {Devlin}, M.~J. and {Fissel}, L.~M. and 
	{Gandilo}, N.~N. and {Gundersen}, J.~O. and {Matthews}, T.~G. and 
	{Netterfield}, C.~B. and {Novak}, G. and {Nutter}, D. and {Pascale}, E. and 
	{Poidevin}, F. and {Savini}, G. and {Scott}, D. and {Soler}, J.~D. and 
	{Spencer}, L.~D. and {Truch}, M.~D.~P. and {Tucker}, G.~S. and 
	{Zhang}, J.},
    title = "{Empirical modelling of the BLASTPol achromatic half-wave plate for precision submillimetre polarimetry}",
  journal = {\mnras},
archivePrefix = "arXiv",
   eprint = {1208.4866},
 primaryClass = "astro-ph.IM",
 keywords = {magnetic fields, polarization, balloons, instrumentation: polarimeters, techniques: polarimetric, submillimetre: ISM},
     year = 2014,
    month = jan,
   volume = 437,
    pages = {2772-2789},
      doi = {10.1093/mnras/stt2090},
   adsurl = {http://adsabs.harvard.edu/abs/2014MNRAS.437.2772M},
  adsnote = {Provided by the SAO/NASA Astrophysics Data System}
}
@ARTICLE{planckcatalogue,
   author = {{Planck Collaboration}},
    title = "{VizieR Online Data Catalog: Planck Catalog of Compact Sources Release 1 (Planck, 2013)}",
  journal = {VizieR Online Data Catalog},
 keywords = {Planck},
     year = 2013,
    month = mar,
   volume = 8091,
    pages = {0},
   adsurl = {http://adsabs.harvard.edu/abs/2013yCat.8091....0P},
  adsnote = {Provided by the SAO/NASA Astrophysics Data System}
}

@ARTICLE{almacalib,
   author = {{Fomalont}, E. and {van Kempen}, T. and {Kneissl}, R. and {Marcelino}, N. and 
	{Barkats}, D. and {Corder}, S. and {Cortes}, P. and {Hills}, R. and 
	{Lucas}, R. and {Manning}, A. and {Peck}, A.},
    title = "{The Calibration of ALMA using Radio Sources}",
  journal = {The Messenger},
     year = 2014,
    month = mar,
   volume = 155,
    pages = {19-22},
   adsurl = {http://adsabs.harvard.edu/abs/2014Msngr.155...19F},
  adsnote = {Provided by the SAO/NASA Astrophysics Data System}
}


@ARTICLE{sharp3c279,
   author = {{Lee}, S.-S. and {Kang}, S. and {Byun}, D.-Y. and {Chapman}, N. and 
	{Novak}, G. and {Trippe}, S. and {Algaba}, J.~C. and {Kino}, M.
	},
    title = "{First Detection of 350 Micron Polarization from a Radio-loud AGN}",
  journal = {\apjl},
archivePrefix = "arXiv",
   eprint = {1507.03310},
 keywords = {galaxies: active, galaxies: jets, polarization, quasars: individual: 3C 279, radiation mechanisms: non-thermal, techniques: polarimetric},
     year = 2015,
    month = jul,
   volume = 808,
      eid = {L26},
    pages = {L26},
      doi = {10.1088/2041-8205/808/1/L26},
   adsurl = {http://adsabs.harvard.edu/abs/2015ApJ...808L..26L},
  adsnote = {Provided by the SAO/NASA Astrophysics Data System}
}


@ARTICLE{apex3c279,
   author = {{Wagner}, J. and {Roy}, A.~L. and {Krichbaum}, T.~P. and {Alef}, W. and 
	{Bansod}, A. and {Bertarini}, A. and {G{\"u}sten}, R. and {Graham}, D. and 
	{Hodgson}, J. and {M{\"a}rtens}, R. and {Menten}, K. and {Muders}, D. and 
	{Rottmann}, H. and {Tuccari}, G. and {Weiss}, A. and {Wieching}, G. and 
	{Wunderlich}, M. and {Zensus}, J.~A. and {Araneda}, J.~P. and 
	{Arriagada}, O. and {Cantzler}, M. and {Duran}, C. and {Montenegro-Montes}, F.~M. and 
	{Olivares}, R. and {Caro}, P. and {Bergman}, P. and {Conway}, J. and 
	{Haas}, R. and {Johansson}, J. and {Lindqvist}, M. and {Olofsson}, H. and 
	{Pantaleev}, M. and {Buttaccio}, S. and {Cappallo}, R. and {Crew}, G. and 
	{Doeleman}, S. and {Fish}, V. and {Lu}, R.-S. and {Ruszczyk}, C. and 
	{SooHoo}, J. and {Titus}, M. and {Freund}, R. and {Marrone}, D. and 
	{Strittmatter}, P. and {Ziurys}, L. and {Blundell}, R. and {Primiani}, R. and 
	{Weintroub}, J. and {Young}, K. and {Bremer}, M. and {S{\'a}nchez}, S. and 
	{Marscher}, A.~P. and {Chilson}, R. and {Asada}, K. and {Inoue}, M.
	},
    title = "{First 230 GHz VLBI fringes on 3C 279 using the APEX Telescope}",
  journal = {\aap},
archivePrefix = "arXiv",
   eprint = {1506.03244},
 primaryClass = "astro-ph.IM",
 keywords = {galaxies: individual: 3C 279, galaxies: jets, instrumentation: high angular resolution, telescopes},
     year = 2015,
    month = sep,
   volume = 581,
      eid = {A32},
    pages = {A32},
      doi = {10.1051/0004-6361/201423613},
   adsurl = {http://adsabs.harvard.edu/abs/2015A%26A...581A..32W},
  adsnote = {Provided by the SAO/NASA Astrophysics Data System}
}


@ARTICLE{perley&butler,
   author = {{Perley}, R.~A. and {Butler}, B.~J.},
    title = "{Integrated Polarization Properties of 3C48, 3C138, 3C147, and 3C286}",
  journal = {\apjs},
archivePrefix = "arXiv",
   eprint = {1302.6662},
 primaryClass = "astro-ph.IM",
 keywords = {instrumentation: interferometers, methods: data analysis, methods: observational, techniques: interferometric, techniques: polarimetric},
     year = 2013,
    month = jun,
   volume = 206,
      eid = {16},
    pages = {16},
      doi = {10.1088/0067-0049/206/2/16},
   adsurl = {http://adsabs.harvard.edu/abs/2013ApJS..206...16P},
  adsnote = {Provided by the SAO/NASA Astrophysics Data System}
}

@ARTICLE{thum2008,
   author = {{Thum}, C. and {Wiesemeyer}, H. and {Paubert}, G. and {Navarro}, S. and 
	{Morris}, D.},
    title = "{XPOL{\mdash}the Correlation Polarimeter at the IRAM 30-m Telescope}",
  journal = {\pasp},
archivePrefix = "arXiv",
   eprint = {0806.1666},
 keywords = {Astronomical Instrumentation},
     year = 2008,
    month = jul,
   volume = 120,
    pages = {777-790},
      doi = {10.1086/590190},
   adsurl = {http://adsabs.harvard.edu/abs/2008PASP..120..777T},
  adsnote = {Provided by the SAO/NASA Astrophysics Data System}
}


@ARTICLE{planckdust,
   author = {{Planck Collaboration} and {Ade}, P.~A.~R. and {Aghanim}, N. and 
	{Alina}, D. and {Alves}, M.~I.~R. and {Armitage-Caplan}, C. and 
	{Arnaud}, M. and {Arzoumanian}, D. and {Ashdown}, M. and {Atrio-Barandela}, F. and et al.},
    title = "{Planck intermediate results. XIX. An overview of the polarized thermal emission from Galactic dust}",
  journal = {\aap},
archivePrefix = "arXiv",
   eprint = {1405.0871},
 keywords = {ISM: general, dust, extinction, ISM: magnetic fields, ISM:, clouds, submillimeter: ISM},
     year = 2015,
    month = apr,
   volume = 576,
      eid = {A104},
    pages = {A104},
      doi = {10.1051/0004-6361/201424082},
   adsurl = {http://adsabs.harvard.edu/abs/2015A%26A...576A.104P},
  adsnote = {Provided by the SAO/NASA Astrophysics Data System}
}

@ARTICLE{crutcher2010,
   author = {{Crutcher}, R.~M. and {Wandelt}, B. and {Heiles}, C. and {Falgarone}, E. and 
	{Troland}, T.~H.},
    title = "{Magnetic Fields in Interstellar Clouds from Zeeman Observations: Inference of Total Field Strengths by Bayesian Analysis}",
  journal = {\apj},
 keywords = {ISM: magnetic fields, polarization, stars: formation},
     year = 2010,
    month = dec,
   volume = 725,
    pages = {466-479},
      doi = {10.1088/0004-637X/725/1/466},
   adsurl = {http://adsabs.harvard.edu/abs/2010ApJ...725..466C},
  adsnote = {Provided by the SAO/NASA Astrophysics Data System}
}

@ARTICLE{3c273madsen,
   author = {{Madsen}, K.~K. and {F{\"u}rst}, F. and {Walton}, D.~J. and 
	{Harrison}, F.~A. and {Nalewajko}, K. and {Ballantyne}, D.~R. and 
	{Boggs}, S.~E. and {Brenneman}, L.~W. and {Christensen}, F.~E. and 
	{Craig}, W.~W. and {Fabian}, A.~C. and {Forster}, K. and {Grefenstette}, B.~W. and 
	{Guainazzi}, M. and {Hailey}, C.~J. and {Madejski}, G.~M. and 
	{Matt}, G. and {Stern}, D. and {Walter}, R. and {Zhang}, W.~W.
	},
    title = "{3C 273 with NuSTAR: Unveiling the Active Galactic Nucleus}",
  journal = {\apj},
 keywords = {quasars: individual: 3C 273, X-rays: individual: 3C 273},
     year = 2015,
    month = oct,
   volume = 812,
      eid = {14},
    pages = {14},
      doi = {10.1088/0004-637X/812/1/14},
   adsurl = {http://adsabs.harvard.edu/abs/2015ApJ...812...14M},
  adsnote = {Provided by the SAO/NASA Astrophysics Data System}
}

@ARTICLE{Abdo2010,
   author = {{Abdo}, A.~A. and {Ackermann}, M. and {Ajello}, M. and {Baldini}, L. and 
	{Ballet}, J. and {Barbiellini}, G. and {Bastieri}, D. and {Bechtol}, K. and 
	{Bellazzini}, R. and {Berenji}, B. and {Blandford}, R.~D. and 
	{Bloom}, E.~D. and {Bonamente}, E. and {Borgland}, A.~W. and 
	{Bouvier}, A. and {Bregeon}, J. and {Brez}, A. and {Brigida}, M. and 
	{Bruel}, P. and {Burnett}, T.~H. and {Buson}, S. and {Caliandro}, G.~A. and 
	{Cameron}, R.~A. and {Cannon}, A. and {Caraveo}, P.~A. and {Carrigan}, S. and 
	{Casandjian}, J.~M. and {Cavazzuti}, E. and {Cecchi}, C. and 
	{{\c C}elik}, {\"O}. and {Charles}, E. and {Chekhtman}, A. and 
	{Cheung}, C.~C. and {Chiang}, J. and {Ciprini}, S. and {Claus}, R. and 
	{Cohen-Tanugi}, J. and {Conrad}, J. and {Costamante}, L. and 
	{Dermer}, C.~D. and {de Angelis}, A. and {de Palma}, F. and 
	{Silva}, E.~d.~C.~e. and {Drell}, P.~S. and {Dubois}, R. and 
	{Dumora}, D. and {Farnier}, C. and {Favuzzi}, C. and {Fegan}, S.~J. and 
	{Focke}, W.~B. and {Frailis}, M. and {Fukazawa}, Y. and {Funk}, S. and 
	{Fusco}, P. and {Gargano}, F. and {Gasparrini}, D. and {Gehrels}, N. and 
	{Germani}, S. and {Giglietto}, N. and {Giommi}, P. and {Giordano}, F. and 
	{Glanzman}, T. and {Godfrey}, G. and {Grenier}, I.~A. and {Grondin}, M.-H. and 
	{Guiriec}, S. and {Hayashida}, M. and {Hays}, E. and {Hill}, A.~B. and 
	{Horan}, D. and {Hughes}, R.~E. and {J{\'o}hannesson}, G. and 
	{Johnson}, A.~S. and {Johnson}, W.~N. and {Kamae}, T. and {Katagiri}, H. and 
	{Kataoka}, J. and {Kawai}, N. and {Kn{\"o}dlseder}, J. and {Kuss}, M. and 
	{Lande}, J. and {Larsson}, S. and {Latronico}, L. and {Lemoine-Goumard}, M. and 
	{Llena Garde}, M. and {Longo}, F. and {Loparco}, F. and {Lott}, B. and 
	{Lovellette}, M.~N. and {Lubrano}, P. and {Madejski}, G.~M. and 
	{Makeev}, A. and {Mansutti}, O. and {Massaro}, E. and {Mazziotta}, M.~N. and 
	{McConville}, W. and {McEnery}, J.~E. and {Meurer}, C. and {Michelson}, P.~F. and 
	{Mitthumsiri}, W. and {Mizuno}, T. and {Moiseev}, A.~A. and 
	{Monte}, C. and {Monzani}, M.~E. and {Morselli}, A. and {Moskalenko}, I.~V. and 
	{Murgia}, S. and {Nolan}, P.~L. and {Norris}, J.~P. and {Nuss}, E. and 
	{Ohsugi}, T. and {Omodei}, N. and {Orlando}, E. and {Ormes}, J.~F. and 
	{Paneque}, D. and {Panetta}, J.~H. and {Pelassa}, V. and {Pepe}, M. and 
	{Pesce-Rollins}, M. and {Piron}, F. and {Porter}, T.~A. and 
	{Rain{\`o}}, S. and {Rando}, R. and {Razzano}, M. and {Reimer}, A. and 
	{Reimer}, O. and {Ritz}, S. and {Rodriguez}, A.~Y. and {Romani}, R.~W. and 
	{Roth}, M. and {Ryde}, F. and {Sadrozinski}, H.~F.-W. and {Sander}, A. and 
	{Scargle}, J.~D. and {Schalk}, T.~L. and {Sgr{\`o}}, C. and 
	{Siskind}, E.~J. and {Smith}, P.~D. and {Spandre}, G. and {Spinelli}, P. and 
	{Starck}, J.-L. and {Strickman}, M.~S. and {Suson}, D.~J. and 
	{Tajima}, H. and {Takahashi}, H. and {Takahashi}, T. and {Tanaka}, T. and 
	{Thayer}, J.~B. and {Thayer}, J.~G. and {Thompson}, D.~J. and 
	{Tibaldo}, L. and {Torres}, D.~F. and {Tosti}, G. and {Tramacere}, A. and 
	{Uchiyama}, Y. and {Usher}, T.~L. and {Vasileiou}, V. and {Vilchez}, N. and 
	{Vitale}, V. and {Waite}, A.~P. and {Wang}, P. and {Wehrle}, A.~E. and 
	{Winer}, B.~L. and {Wood}, K.~S. and {Yang}, Z. and {Ylinen}, T. and 
	{Ziegler}, M.},
    title = "{Fermi-Large Area Telescope Observations of the Exceptional Gamma-ray Outbursts of 3C 273 in 2009 September}",
  journal = {\apjl},
archivePrefix = "arXiv",
   eprint = {1012.2980},
 primaryClass = "astro-ph.HE",
 keywords = {gamma rays: galaxies, quasars: individual: 3C 273},
     year = 2010,
    month = may,
   volume = 714,
    pages = {L73-L78},
      doi = {10.1088/2041-8205/714/1/L73},
   adsurl = {http://adsabs.harvard.edu/abs/2010ApJ...714L..73A},
  adsnote = {Provided by the SAO/NASA Astrophysics Data System}
}


@ARTICLE{Attridge,
   author = {{Attridge}, J.~M.},
    title = "{86 GHZ Very Long Baseline Polarimetry of 3C 273 and 3C 279 with the Coordinated Millimeter VLBI Array}",
  journal = {\apjl},
   eprint = {astro-ph/0104312},
 keywords = {Galaxies: Active, Galaxies: Jets, Galaxies: Magnetic Fields, Polarization, Galaxies: Quasars: Individual: Alphanumeric: 3C 273, Galaxies: Quasars: Individual: Alphanumeric: 3C 279},
     year = 2001,
    month = may,
   volume = 553,
    pages = {L31-L34},
      doi = {10.1086/320505},
   adsurl = {http://adsabs.harvard.edu/abs/2001ApJ...553L..31A},
  adsnote = {Provided by the SAO/NASA Astrophysics Data System}
}

@BOOK{1996cyga,
   author = {{Carilli}, C.~L. and {Harris}, D.~E.},
    title = "{Cygnus A -- Study of a Radio Galaxy}",
booktitle = {Cygnus A -- Studay of a Radio Galaxy},
     year = 1996,
    month = jul,
   adsurl = {http://adsabs.harvard.edu/abs/1996cyga.book.....C},
  adsnote = {Provided by the SAO/NASA Astrophysics Data System}
}

@BOOK{1992plfa.book.....C,
   author = {{Collett}, E.},
    title = "{Polarized light. Fundamentals and applications}",
 keywords = {POLARIZED LIGHT, POLARIZATION [WAVES]},
booktitle = {Optical Engineering, New York: Dekker, |c1992},
     year = 1992,
   adsurl = {http://adsabs.harvard.edu/abs/1992plfa.book.....C},
  adsnote = {Provided by the SAO/NASA Astrophysics Data System}
}


@ARTICLE{1974MNRAS.166..305H,
   author = {{Hargrave}, P.~J. and {Ryle}, M.},
    title = "{Observations of Cygnus A with the 5-km radio telescope.}",
  journal = {\mnras},
     year = 1974,
    month = feb,
   volume = 166,
    pages = {305-327},
   adsurl = {http://adsabs.harvard.edu/abs/1974MNRAS.166..305H},
  adsnote = {Provided by the SAO/NASA Astrophysics Data System}
}

@ARTICLE{1967ApJ...150L..15S,
   author = {{Schraml}, J. and {Turlo}, Z.},
    title = "{Polarization of Cygnus a at 1.95 CM Wavelength}",
  journal = {\apjl},
     year = 1967,
    month = oct,
   volume = 150,
    pages = {L15},
      doi = {10.1086/180083},
   adsurl = {http://adsabs.harvard.edu/abs/1967ApJ...150L..15S},
  adsnote = {Provided by the SAO/NASA Astrophysics Data System}
}

@ARTICLE{1966SvA....10..214S,
   author = {{Soboleva}, N.~S.},
    title = "{Observations of Polarized Radio Emission of Cygnus-A at 3.95 cm}",
  journal = {\sovast},
     year = 1966,
    month = oct,
   volume = 10,
    pages = {214},
   adsurl = {http://adsabs.harvard.edu/abs/1966SvA....10..214S},
  adsnote = {Provided by the SAO/NASA Astrophysics Data System}
}


@ARTICLE{1968ApJ...151...53M,
   author = {{Mayer}, C.~H. and {Hollinger}, J.~P.},
    title = "{Polarized Brightness Distribution Over Cassiopeia a, the Crab Nebula, and Cygnus a at 1.55 cm Wavelength}",
  journal = {\apj},
     year = 1968,
    month = jan,
   volume = 151,
    pages = {53},
      doi = {10.1086/149418},
   adsurl = {http://adsabs.harvard.edu/abs/1968ApJ...151...53M},
  adsnote = {Provided by the SAO/NASA Astrophysics Data System}
}


@ARTICLE{mckee,
   author = {{McKee}, C.~F. and {Ostriker}, E.~C.},
    title = "{Theory of Star Formation}",
  journal = {\araa},
archivePrefix = "arXiv",
   eprint = {0707.3514},
     year = 2007,
    month = sep,
   volume = 45,
    pages = {565-687},
      doi = {10.1146/annurev.astro.45.051806.110602},
   adsurl = {http://adsabs.harvard.edu/abs/2007ARA%26A..45..565M},
  adsnote = {Provided by the SAO/NASA Astrophysics Data System}
}


%%%%%%%%%%%%%%%%%%%%%%%%%%%%%%%%%%%%%%%%%%%%%%%
%%%%%%%%%%% NIKA papers
%%%%%%%%%%%%%%%%%%%%%%%%%%%%%%%%%%%%%%%%%%%%%%%
	
@ARTICLE{monfardini2010,
   author = {{Monfardini}, A. and {Swenson}, L.~J. and {Bideaud}, A. and 
	{D{\'e}sert}, F.~X. and {Yates}, S.~J.~C. and {Benoit}, A. and 
	{Baryshev}, A.~M. and {Baselmans}, J.~J.~A. and {Doyle}, S. and 
	{Klein}, B. and {Roesch}, M. and {Tucker}, C. and {Ade}, P. and 
	{Calvo}, M. and {Camus}, P. and {Giordano}, C. and {Guesten}, R. and 
	{Hoffmann}, C. and {Leclercq}, S. and {Mauskopf}, P. and {Schuster}, K.~F.},
    title = "{NIKA: A millimeter-wave kinetic inductance camera}",
  journal = {\aap},
archivePrefix = "arXiv",
   eprint = {1004.2209},
 primaryClass = "astro-ph.IM",
 keywords = {instrumentation: detectors, submillimeter: general},
     year = 2010,
    month = oct,
   volume = 521,
      eid = {A29},
    pages = {A29},
      doi = {10.1051/0004-6361/201014727},
   adsurl = {http://adsabs.harvard.edu/abs/2010A%26A...521A..29M},
  adsnote = {Provided by the SAO/NASA Astrophysics Data System}
}

@ARTICLE{monfardini2011,
   author = {{Monfardini}, A. and {Benoit}, A. and {Bideaud}, A. and {Swenson}, L.~J. and 
	{Cruciani}, A. and {Camus}, P. and {Hoffmann}, C. and {D{\'e}sert}, F.~X. and 
	{Doyle}, S. and {Ade}, P. and {Mauskopf}, P. and {Tucker}, C. and 
	{Roesch}, M. and {Leclercq}, S. and {Schuster}, K.~F. and {Endo}, A. and 
	{Baryshev}, A. and {Baselmans}, J.~J.~A. and {Ferrari}, L. and 
	{Yates}, S.~J.~C. and {Bourrion}, O. and {Macias-Perez}, J. and 
	{Vescovi}, C. and {Calvo}, M. and {Giordano}, C.},
    title = "{A Dual-band Millimeter-wave Kinetic Inductance Camera for the IRAM 30 m Telescope}",
  journal = {\apjs},
archivePrefix = "arXiv",
   eprint = {1102.0870},
 primaryClass = "astro-ph.IM",
 keywords = {instrumentation: detectors, radio continuum: galaxies, radio continuum: general, submillimeter: galaxies, submillimeter: general, techniques: miscellaneous},
     year = 2011,
    month = jun,
   volume = 194,
      eid = {24},
    pages = {24},
      doi = {10.1088/0067-0049/194/2/24},
   adsurl = {http://adsabs.harvard.edu/abs/2011ApJS..194...24M},
  adsnote = {Provided by the SAO/NASA Astrophysics Data System}
}
@ARTICLE{roesch,
   author = {{Roesch}, M. and {Benoit}, A. and {Bideaud}, A. and {Boudou}, N. and 
	{Calvo}, M. and {Cruciani}, A. and {Doyle}, S. and {Leduc}, H.~G. and 
	{Monfardini}, A. and {Swenson}, L. and {Leclercq}, S. and {Mauskopf}, P. and 
	{Schuster}, K.~F. and {for the NIKA collaboration}},
    title = "{Development of Lumped Element Kinetic Inductance Detectors for NIKA}",
  journal = {ArXiv e-prints},
archivePrefix = "arXiv",
   eprint = {1212.4585},
 primaryClass = "astro-ph.IM",
 keywords = {Astrophysics - Instrumentation and Methods for Astrophysics},
     year = 2012,
    month = dec,
   adsurl = {http://adsabs.harvard.edu/abs/2012arXiv1212.4585R},
  adsnote = {Provided by the SAO/NASA Astrophysics Data System}
}


@ARTICLE{Calvo2013,
   author = {{Calvo}, M. and {Roesch}, M. and {D\'esert}, F. X. and
	{Monfardini}, A. and {Benoit}, A. and {Mauskopf}, P. and {Ade}, P. and {Boudou}, N. and
    {Bourrion}, O. and {Camus}, P. and {Cruciani}, A. and {Doyle}, S. and
    {Hoffmann}, C. and {Leclercq}, S. and {Macias-Perez}, J. F. and {Ponthieu}, N. and
    {Schuster}, K. F. and {Tucker}, C.  and {Vescovi}, C.},
    title = "{Improved mm-wave photometry for kinetic inductance detectors}",
  journal = {Astronomy and Astrophysics},
     year = 2013,
    month = feb,
   volume = 551,
    pages = {L12},
      doi = {10.1051/0004-6361/201219854},
   adsurl = {http://adsabs.harvard.edu/abs/2013A%A...551L..12C}
}

@ARTICLE{bourion2011,
      author = {{Bourrion}, O. and {Bideaud}, A. and {Benoit}, A. and {Cruciani}, A. and {Macias-Perez}, J.~F. and {Monfardini}, A. and {Roesch}, M. and {Swenson}, L.~J. and {Vescovi}, C.},
      title          = "{Electronics and data acquisition demonstrator for a kinetic inductance camera}",
      journal        = {JINST},
      volume         = 6,
      pages          = {P06012},
      doi            = {10.1088/1748-0221/6/06/P06012},
      year           = 2011,
      eprint         = {1102.1314},
      archivePrefix  = "arXiv",
      primaryClass   = "astro-ph.IM",
}



@ARTICLE{catalano2014,
   author = {{Catalano}, A. and {Calvo}, M. and {Ponthieu}, N. and {Adam}, R. and 
	{Adane}, A. and {Ade}, P. and {Andr{\'e}}, P. and {Beelen}, A. and 
	{Belier}, B. and {Beno{\^i}t}, A. and {Bideaud}, A. and {Billot}, N. and 
	{Boudou}, N. and {Bourrion}, O. and {Coiffard}, G. and {Comis}, B. and 
	{D'Addabbo}, A. and {D{\'e}sert}, F.-X. and {Doyle}, S. and 
	{Goupy}, J. and {Kramer}, C. and {Leclercq}, S. and {Mac{\'{\i}}as-P{\'e}rez}, J.~F. and 
	{Martino}, J. and {Mauskopf}, P. and {Mayet}, F. and {Monfardini}, A. and 
	{Pajot}, F. and {Pascale}, E. and {Perotto}, L. and {Rev{\'e}ret}, V. and 
	{Rodriguez}, L. and {Savini}, G. and {Schuster}, K. and {Sievers}, A. and 
	{Tucker}, C. and {Zylka}, R.},
    title = "{Performance and calibration of the NIKA camera at the IRAM 30 m telescope}",
  journal = {\aap},
archivePrefix = "arXiv",
   eprint = {1402.0260},
 primaryClass = "astro-ph.IM",
 keywords = {methods: observational, submillimeter: general, submillimeter: galaxies, submillimeter: ISM},
     year = 2014,
    month = sep,
   volume = 569,
      eid = {A9},
    pages = {A9},
      doi = {10.1051/0004-6361/201423557},
   adsurl = {http://adsabs.harvard.edu/abs/2014A%26A...569A...9C},
  adsnote = {Provided by the SAO/NASA Astrophysics Data System}
}
@ARTICLE{2016arXiv160508628C,
   author = {{Catalano}, A. and {Adam}, R. and {Ade}, P. and {Andr{\'e}}, P. and 
	{Aussel}, H. and {Beelen}, A. and {Beno{\^i}t}, A. and {Bideaud}, A. and 
	{Billot}, N. and {Bourrion}, O. and {Calvo}, M. and {Coiffard}, G. and 
	{Comis}, B. and {D{\'e}sert}, F.-X. and {Doyle}, S. and {Goupy}, J. and 
	{Kramer}, C.~F. and {Lagache}, G. and {Leclercq}, S. and {Lestrade}, J.~F. and 
	{Mac{\'{\i}}as-P{\'e}rez}, J.~F. and {Maury}, A. and {Mauskopf}, P. and 
	{Mayet}, F. and {Monfardini}, A. and {Pajot}, F. and {Pascale}, E. and 
	{Perotto}, L. and {Pisano}, G. and {Ponthieu}, N. and {Rev{\'e}ret}, V. and 
	{Ritacco}, A. and {Rodriguez}, L. and {Romero}, C. and {Roussel}, H. and 
	{Ruppin}, F. and {Schuster}, K. and {Sievers}, A. and {Soler}, J. and 
	{Triqueneaux}, S. and {Tucker}, C. and {Zylka}, R.},
    title = "{The NIKA2 commissioning campaign: performance and first results}",
  journal = {ArXiv e-prints},
archivePrefix = "arXiv",
   eprint = {1605.08628},
 primaryClass = "astro-ph.IM",
 keywords = {Astrophysics - Instrumentation and Methods for Astrophysics, Physics - Instrumentation and Detectors},
     year = 2016,
    month = may,
   adsurl = {http://adsabs.harvard.edu/abs/2016arXiv160508628C},
  adsnote = {Provided by the SAO/NASA Astrophysics Data System}
}
@ARTICLE{2014ApJ...792..116Z,
   author = {{Zhang}, Q. and {Qiu}, K. and {Girart}, J.~M. and {(Baobab Liu}, H. and 
	{Tang}, Y.-W. and {Koch}, P.~M. and {Li}, Z.-Y. and {Keto}, E. and 
	{Ho}, P.~T.~P. and {Rao}, R. and {Lai}, S.-P. and {Ching}, T.-C. and 
	{Frau}, P. and {Chen}, H.-H. and {Li}, H.-B. and {Padovani}, M. and 
	{Bontemps}, S. and {Csengeri}, T. and {Ju{\'a}rez}, C.},
    title = "{Magnetic Fields and Massive Star Formation}",
  journal = {\apj},
archivePrefix = "arXiv",
   eprint = {1407.3984},
 keywords = {ISM: clouds, ISM: individual objects: G192 G240 NGC 2264 NGC 6334 G34.41 G35.2N IRAS18360 W51 DR21 (OH), ISM: magnetic fields, polarization, stars: formation, submillimeter: ISM, techniques: polarimetric},
     year = 2014,
    month = sep,
   volume = 792,
      eid = {116},
    pages = {116},
      doi = {10.1088/0004-637X/792/2/116},
   adsurl = {http://adsabs.harvard.edu/abs/2014ApJ...792..116Z},
  adsnote = {Provided by the SAO/NASA Astrophysics Data System}
}


@ARTICLE{adam2014,
   author = {{Adam}, R. and {Comis}, B. and {Mac{\'{\i}}as-P{\'e}rez}, J.~F. and 
	{Adane}, A. and {Ade}, P. and {Andr{\'e}}, P. and {Beelen}, A. and 
	{Belier}, B. and {Beno{\^i}t}, A. and {Bideaud}, A. and {Billot}, N. and 
	{Boudou}, N. and {Bourrion}, O. and {Calvo}, M. and {Catalano}, A. and 
	{Coiffard}, G. and {D'Addabbo}, A. and {D{\'e}sert}, F.-X. and 
	{Doyle}, S. and {Goupy}, J. and {Kramer}, C. and {Leclercq}, S. and 
	{Martino}, J. and {Mauskopf}, P. and {Mayet}, F. and {Monfardini}, A. and 
	{Pajot}, F. and {Pascale}, E. and {Perotto}, L. and {Pointecouteau}, E. and 
	{Ponthieu}, N. and {Rev{\'e}ret}, V. and {Rodriguez}, L. and 
	{Savini}, G. and {Schuster}, K. and {Sievers}, A. and {Tucker}, C. and 
	{Zylka}, R.},
    title = "{First observation of the thermal Sunyaev-Zel'dovich effect with kinetic inductance detectors}",
  journal = {\aap},
archivePrefix = "arXiv",
   eprint = {1310.6237},
 keywords = {instrumentation: detectors, techniques: high angular resolution, galaxies: clusters: individual: RX J1347.5-1145, galaxies: clusters: intracluster medium},
     year = 2014,
    month = sep,
   volume = 569,
      eid = {A66},
    pages = {A66},
      doi = {10.1051/0004-6361/201322902},
   adsurl = {http://adsabs.harvard.edu/abs/2014A%26A...569A..66A},
  adsnote = {Provided by the SAO/NASA Astrophysics Data System}
}

@ARTICLE{adam2015,
   author = {{Adam}, R. and {Comis}, B. and {Mac{\'{\i}}as-P{\'e}rez}, J.-F. and 
	{Adane}, A. and {Ade}, P. and {Andr{\'e}}, P. and {Beelen}, A. and 
	{Belier}, B. and {Beno{\^i}t}, A. and {Bideaud}, A. and {Billot}, N. and 
	{Blanquer}, G. and {Bourrion}, O. and {Calvo}, M. and {Catalano}, A. and 
	{Coiffard}, G. and {Cruciani}, A. and {D'Addabbo}, A. and {D{\'e}sert}, F.-X. and 
	{Doyle}, S. and {Goupy}, J. and {Kramer}, C. and {Leclercq}, S. and 
	{Martino}, J. and {Mauskopf}, P. and {Mayet}, F. and {Monfardini}, A. and 
	{Pajot}, F. and {Pascale}, E. and {Perotto}, L. and {Pointecouteau}, E. and 
	{Ponthieu}, N. and {Rev{\'e}ret}, V. and {Ritacco}, A. and {Rodriguez}, L. and 
	{Savini}, G. and {Schuster}, K. and {Sievers}, A. and {Tucker}, C. and 
	{Zylka}, R.},
    title = "{Pressure distribution of the high-redshift cluster of galaxies CL J1226.9+3332 with NIKA}",
  journal = {\aap},
archivePrefix = "arXiv",
   eprint = {1410.2808},
 keywords = {techniques: high angular resolution, galaxies: clusters: individual: CL J1226.9+3332},
     year = 2015,
    month = apr,
   volume = 576,
      eid = {A12},
    pages = {A12},
      doi = {10.1051/0004-6361/201425140},
   adsurl = {http://adsabs.harvard.edu/abs/2015A%26A...576A..12A},
  adsnote = {Provided by the SAO/NASA Astrophysics Data System}
}
@ARTICLE{adam2016,
   author = {{Adam}, R. and {Comis}, B. and {Bartalucci}, I. and {Adane}, A. and 
	{Ade}, P. and {Andr{\'e}}, P. and {Arnaud}, M. and {Beelen}, A. and 
	{Belier}, B. and {Beno{\^i}t}, A. and {Bideaud}, A. and {Billot}, N. and 
	{Bourrion}, O. and {Calvo}, M. and {Catalano}, A. and {Coiffard}, G. and 
	{D'Addabbo}, A. and {D{\'e}sert}, F.-X. and {Doyle}, S. and 
	{Goupy}, J. and {Hasnoun}, B. and {Hermelo}, I. and {Kramer}, C. and 
	{Lagache}, G. and {Leclercq}, S. and {Mac{\'{\i}}as-P{\'e}rez}, J.-F. and 
	{Martino}, J. and {Mauskopf}, P. and {Mayet}, F. and {Monfardini}, A. and 
	{Pajot}, F. and {Pascale}, E. and {Perotto}, L. and {Pointecouteau}, E. and 
	{Ponthieu}, N. and {Pratt}, G.~W. and {Rev{\'e}ret}, V. and 
	{Ritacco}, A. and {Rodriguez}, L. and {Savini}, G. and {Schuster}, K. and 
	{Sievers}, A. and {Triqueneaux}, S. and {Tucker}, C. and {Zylka}, R.
	},
    title = "{High angular resolution Sunyaev-Zel'dovich observations of MACS J1423.8+2404 with NIKA: Multiwavelength analysis}",
  journal = {\aap},
archivePrefix = "arXiv",
   eprint = {1510.06674},
 keywords = {techniques: high angular resolution, galaxies: clusters: individual: MACS J1423.8+2404, galaxies: clusters: intracluster medium},
     year = 2016,
    month = feb,
   volume = 586,
      eid = {A122},
    pages = {A122},
      doi = {10.1051/0004-6361/201527616},
   adsurl = {http://adsabs.harvard.edu/abs/2016A%26A...586A.122A},
  adsnote = {Provided by the SAO/NASA Astrophysics Data System}
}

%%%%%%%%%%%%%%%%%%%%%%%%%%%%%%%%%%%%%%%%%%%%%%%
%%%%%%%%%%% Calibration
%%%%%%%%%%%%%%%%%%%%%%%%%%%%%%%%%%%%%%%%%%%%%%%

@article{moreno2010,
  author = {{Moreno}, R.},
  journal = {Neptune and Uranus planetary brightness temperature
tabulation. Tech. rep., ESA Herschel Science Center, available from
ftp://ftp.sciops.esa.int/pub/hsc-calibration/PlanetaryModels/ESA2},
  year = 2010
}
@ARTICLE{Johnson2007,
   author = {{Johnson}, B.~R. and {Collins}, J. and {Abroe}, M.~E. and {Ade}, P.~A.~R. and 
	{Bock}, J. and {Borrill}, J. and {Boscaleri}, A. and {de Bernardis}, P. and 
	{Hanany}, S. and {Jaffe}, A.~H. and {Jones}, T. and {Lee}, A.~T. and 
	{Levinson}, L. and {Matsumura}, T. and {Rabii}, B. and {Renbarger}, T. and 
	{Richards}, P.~L. and {Smoot}, G.~F. and {Stompor}, R. and {Tran}, H.~T. and 
	{Winant}, C.~D. and {Wu}, J.~H.~P. and {Zuntz}, J.},
    title = "{MAXIPOL: Cosmic Microwave Background Polarimetry Using a Rotating Half-Wave Plate}",
  journal = {\apj},
   eprint = {astro-ph/0611394},
 keywords = {Polarization},
     year = 2007,
    month = aug,
   volume = 665,
    pages = {42-54},
      doi = {10.1086/518105},
   adsurl = {http://adsabs.harvard.edu/abs/2007ApJ...665...42J},
  adsnote = {Provided by the SAO/NASA Astrophysics Data System}
}



@ARTICLE{planck2013calib,
   author = {{Planck Collaboration} and {Ade}, P.~A.~R. and {Aghanim}, N. and 
	{Armitage-Caplan}, C. and {Arnaud}, M. and {Ashdown}, M. and 
	{Atrio-Barandela}, F. and {Aumont}, J. and {Baccigalupi}, C. and 
	{Banday}, A.~J. and et al.},
    title = "{Planck 2013 results. VIII. HFI photometric calibration and mapmaking}",
  journal = {ArXiv e-prints},
archivePrefix = "arXiv",
   eprint = {1303.5069},
 primaryClass = "astro-ph.CO",
 keywords = {Astrophysics - Cosmology and Extragalactic Astrophysics, Astrophysics - Instrumentation and Methods for Astrophysics},
     year = 2013,
    month = mar,
   adsurl = {http://adsabs.harvard.edu/abs/2013arXiv1303.5069P},
  adsnote = {Provided by the SAO/NASA Astrophysics Data System}
}

@ARTICLE{planck2013mission,
   author = {{Planck Collaboration} and {Ade}, P.~A.~R. and {Aghanim}, N. and 
	{Alves}, M.~I.~R. and {Armitage-Caplan}, C. and {Arnaud}, M. and 
	{Ashdown}, M. and {Atrio-Barandela}, F. and {Aumont}, J. and 
	{Aussel}, H. and et al.},
    title = "{Planck 2013 results. I. Overview of products and scientific results}",
  journal = {ArXiv e-prints},
archivePrefix = "arXiv",
   eprint = {1303.5062},
 keywords = {Astrophysics - Cosmology and Nongalactic Astrophysics},
     year = 2013,
    month = mar,
   adsurl = {http://adsabs.harvard.edu/abs/2013arXiv1303.5062P},
  adsnote = {Provided by the SAO/NASA Astrophysics Data System}
}



@INPROCEEDINGS{dev76,
   author = {{de Vaucouleurs}, G. and {de Vaucouleurs}, A. and {Corwin}, J.~R.
	},
    title = "{Second reference catalogue of bright galaxies}",
booktitle = {Second reference catalogue of bright galaxies, 1976, Austin: University of Texas Press.},
     year = 1976,
    pages = {0},
   adsurl = {http://adsabs.harvard.edu/abs/1976RC2...C......0D},
  adsnote = {Provided by the SAO/NASA Astrophysics Data System}
}

@ARTICLE{mou80,
   author = {{Mould}, J. and {Aaronson}, M. and {Huchra}, J.},
    title = "{A distance scale from the infrared magnitude/H I velocity-width relation. II - The Virgo cluster}",
  journal = {\apj},
 keywords = {Galactic Clusters, Infrared Astronomy, Virgo Galactic Cluster, Centimeter Waves, Globular Clusters, Hubble Diagram, Red Shift, Supernovae, Velocity Measurement},
     year = 1980,
    month = jun,
   volume = 238,
    pages = {458-470},
      doi = {10.1086/158002},
   adsurl = {http://adsabs.harvard.edu/abs/1980ApJ...238..458M},
  adsnote = {Provided by the SAO/NASA Astrophysics Data System}
}


@ARTICLE{planck_mission,
   author = {{Planck Collaboration} and {Ade}, P.~A.~R. and {Aghanim}, N. and 
	{Arnaud}, M. and {Ashdown}, M. and {Aumont}, J. and {Baccigalupi}, C. and 
	{Baker}, M. and {Balbi}, A. and {Banday}, A.~J. and et al.},
    title = "{Planck early results. I. The Planck mission}",
  journal = {\aap},
archivePrefix = "arXiv",
   eprint = {1101.2022},
 primaryClass = "astro-ph.IM",
 keywords = {cosmology: observations, cosmic background radiation, surveys, space vehicles: instruments, instrumentation: detectors, catalogs},
     year = 2011,
    month = dec,
   volume = 536,
      eid = {A1},
    pages = {A1},
      doi = {10.1051/0004-6361/201116464},
   adsurl = {http://adsabs.harvard.edu/abs/2011A%26A...536A...1P},
  adsnote = {Provided by the SAO/NASA Astrophysics Data System}
}

@ARTICLE{bicep,
   author = {{Takahashi}, Y.~D. and {Ade}, P.~A.~R. and {Barkats}, D. and 
	{Battle}, J.~O. and {Bierman}, E.~M. and {Bock}, J.~J. and {Chiang}, H.~C. and 
	{Dowell}, C.~D. and {Duband}, L. and {Hivon}, E.~F. and {Holzapfel}, W.~L. and 
	{Hristov}, V.~V. and {Jones}, W.~C. and {Keating}, B.~G. and 
	{Kovac}, J.~M. and {Kuo}, C.~L. and {Lange}, A.~E. and {Leitch}, E.~M. and 
	{Mason}, P.~V. and {Matsumura}, T. and {Nguyen}, H.~T. and {Ponthieu}, N. and 
	{Pryke}, C. and {Richter}, S. and {Rocha}, G. and {Yoon}, K.~W.
	},
    title = "{Characterization of the BICEP Telescope for High-precision Cosmic Microwave Background Polarimetry}",
  journal = {\apj},
archivePrefix = "arXiv",
   eprint = {0906.4069},
 primaryClass = "astro-ph.CO",
 keywords = {cosmic background radiation, cosmology: observations, gravitational waves, inflation, instrumentation: polarimeters, telescopes},
     year = 2010,
    month = mar,
   volume = 711,
    pages = {1141-1156},
      doi = {10.1088/0004-637X/711/2/1141},
   adsurl = {http://adsabs.harvard.edu/abs/2010ApJ...711.1141T},
  adsnote = {Provided by the SAO/NASA Astrophysics Data System}
}

@ARTICLE{QUAD,
   author = {{Hinderks}, J.~R. and {Ade}, P. and {Bock}, J. and {Bowden}, M. and 
	{Brown}, M.~L. and {Cahill}, G. and {Carlstrom}, J.~E. and {Castro}, P.~G. and 
	{Church}, S. and {Culverhouse}, T. and {Friedman}, R. and {Ganga}, K. and 
	{Gear}, W.~K. and {Gupta}, S. and {Harris}, J. and {Haynes}, V. and 
	{Keating}, B.~G. and {Kovac}, J. and {Kirby}, E. and {Lange}, A.~E. and 
	{Leitch}, E. and {Mallie}, O.~E. and {Melhuish}, S. and {Memari}, Y. and 
	{Murphy}, A. and {Orlando}, A. and {Schwarz}, R. and {Sullivan}, C.~O. and 
	{Piccirillo}, L. and {Pryke}, C. and {Rajguru}, N. and {Rusholme}, B. and 
	{Taylor}, A.~N. and {Thompson}, K.~L. and {Tucker}, C. and {Turner}, A.~H. and 
	{Wu}, E.~Y.~S. and {Zemcov}, M.},
    title = "{QUaD: A High-Resolution Cosmic Microwave Background Polarimeter}",
  journal = {\apj},
archivePrefix = "arXiv",
   eprint = {0805.1990},
 keywords = {cosmic microwave background, instrumentation: polarimeters},
     year = 2009,
    month = feb,
   volume = 692,
    pages = {1221-1246},
      doi = {10.1088/0004-637X/692/2/1221},
   adsurl = {http://adsabs.harvard.edu/abs/2009ApJ...692.1221H},
  adsnote = {Provided by the SAO/NASA Astrophysics Data System}
}

@ARTICLE{QUIET,
   author = {{Hinderks}, J.~R. and {Ade}, P. and {Bock}, J. and {Bowden}, M. and 
	{Brown}, M.~L. and {Cahill}, G. and {Carlstrom}, J.~E. and {Castro}, P.~G. and 
	{Church}, S. and {Culverhouse}, T. and {Friedman}, R. and {Ganga}, K. and 
	{Gear}, W.~K. and {Gupta}, S. and {Harris}, J. and {Haynes}, V. and 
	{Keating}, B.~G. and {Kovac}, J. and {Kirby}, E. and {Lange}, A.~E. and 
	{Leitch}, E. and {Mallie}, O.~E. and {Melhuish}, S. and {Memari}, Y. and 
	{Murphy}, A. and {Orlando}, A. and {Schwarz}, R. and {Sullivan}, C.~O. and 
	{Piccirillo}, L. and {Pryke}, C. and {Rajguru}, N. and {Rusholme}, B. and 
	{Taylor}, A.~N. and {Thompson}, K.~L. and {Tucker}, C. and {Turner}, A.~H. and 
	{Wu}, E.~Y.~S. and {Zemcov}, M.},
    title = "{QUaD: A High-Resolution Cosmic Microwave Background Polarimeter}",
  journal = {\apj},
archivePrefix = "arXiv",
   eprint = {0805.1990},
 keywords = {cosmic microwave background, instrumentation: polarimeters},
     year = 2009,
    month = feb,
   volume = 692,
    pages = {1221-1246},
      doi = {10.1088/0004-637X/692/2/1221},
   adsurl = {http://adsabs.harvard.edu/abs/2009ApJ...692.1221H},
  adsnote = {Provided by the SAO/NASA Astrophysics Data System}
}

@INPROCEEDINGS{QUIJOTE,
   author = {{G{\'e}nova-Santos}, R. and {Rubi{\~n}o-Mart{\'{\i}}n}, J.~A. and 
	{Rebolo}, R. and {Aguiar}, M. and {G{\'o}mez-Re{\~n}asco}, F. and 
	{Guti{\'e}rrez}, C. and {Hoyland}, R.~J. and {L{\'o}pez-Caraballo}, C. and 
	{Pel{\'a}ez-Santos}, A.~E. and {P{\'e}rez-de-Taoro}, M.~R. and 
	{Poidevin}, F. and {S{\'a}nchez de la Rosa}, V. and {Tramonte}, D. and 
	{Vega-Moreno}, A. and {Viera-Curbelo}, T. and {Vignasa}, R. and 
	{Mart{\'{\i}}nez-Gonz{\'a}lez}, E. and {Barreiro}, R.~B. and 
	{Casaponsa}, B. and {Casas}, F.~J. and {Diego}, J.~M. and {Fern{\'a}ndez-Cobos}, R. and 
	{Herranz}, D. and {L{\'o}pez-Caniego}, M. and {Ortiz}, D. and 
	{Vielva}, P. and {Artal}, E. and {Aja}, B. and {Cagigas}, J. and 
	{Cano}, J.~L. and {de la Fuente}, L. and {Mediavilla}, A. and 
	{Ter{\'a}n}, J.~V. and {Villa}, E. and {Piccirillo}, L. and 
	{Davies}, R. and {Davis}, R.~J. and {Dickinson}, C. and {Grainge}, K. and 
	{Harper}, S. and {Maffei}, B. and {McCulloch}, M. and {Melhuish}, S. and 
	{Pisano}, G. and {Watson}, R.~A. and {Lasenby}, A. and {Ashdown}, M. and 
	{Hobson}, M. and {Perrott}, Y. and {Razavi-Ghods}, N. and {Saunders}, R. and 
	{Titterington}, D. and {Scott}, P.},
    title = "{The QUIJOTE experiment: project overview and first results}",
booktitle = {Highlights of Spanish Astrophysics VIII},
     year = 2015,
archivePrefix = "arXiv",
   eprint = {1504.03514},
   editor = {{Cenarro}, A.~J. and {Figueras}, F. and {Hern{\'a}ndez-Monteagudo}, C. and 
	{Trujillo Bueno}, J. and {Valdivielso}, L.},
    month = may,
    pages = {207-212},
   adsurl = {http://adsabs.harvard.edu/abs/2015hsa8.conf..207G},
  adsnote = {Provided by the SAO/NASA Astrophysics Data System}
}



@INPROCEEDINGS{polarbear,
   author = {{Barron}, D. and {Keating}, B. and {POLARBEAR Collaboration}
	},
    title = "{The POLARBEAR CMB Polarization Experiment}",
booktitle = {American Astronomical Society Meeting Abstracts},
     year = 2013,
   series = {American Astronomical Society Meeting Abstracts},
   volume = 221,
    month = jan,
      eid = {432.10},
    pages = {432.10},
   adsurl = {http://adsabs.harvard.edu/abs/2013AAS...22143210B},
  adsnote = {Provided by the SAO/NASA Astrophysics Data System}
}

@INPROCEEDINGS{PILOT,
   author = {{Misawa}, R. and {Bernard}, J.-P. and {Ade}, P. and {Andr{\'e}}, Y. and 
	{de Bernardis}, P. and {Bouzit}, M. and {Charra}, M. and {Crane}, B. and 
	{Dubois}, J.~P. and {Engel}, C. and {Griffin}, M. and {Hargrave}, P. and 
	{Leriche}, B. and {Longval}, Y. and {Maes}, S. and {Marty}, C. and 
	{Marty}, W. and {Masi}, S. and {Mot}, B. and {Narbonne}, J. and 
	{Pajot}, F. and {Pisano}, G. and {Ponthieu}, N. and {Ristorcelli}, I. and 
	{Rodriguez}, L. and {Roudil}, G. and {Salatino}, M. and {Savini}, G. and 
	{Tucker}, C.},
    title = "{PILOT: a balloon-borne experiment to measure the polarized FIR emission of dust grains in the interstellar medium}",
booktitle = {Society of Photo-Optical Instrumentation Engineers (SPIE) Conference Series},
     year = 2014,
   series = {Society of Photo-Optical Instrumentation Engineers (SPIE) Conference Series},
   volume = 9153,
archivePrefix = "arXiv",
   eprint = {1410.5760},
 primaryClass = "astro-ph.IM",
    month = jul,
      eid = {91531H},
    pages = {91531H},
      doi = {10.1117/12.2055506},
   adsurl = {http://adsabs.harvard.edu/abs/2014SPIE.9153E..1HM},
  adsnote = {Provided by the SAO/NASA Astrophysics Data System}
}


@INPROCEEDINGS{ACTPOL,
   author = {{Niemack}, M.~D. and {Ade}, P.~A.~R. and {Aguirre}, J. and {Barrientos}, F. and 
	{Beall}, J.~A. and {Bond}, J.~R. and {Britton}, J. and {Cho}, H.~M. and 
	{Das}, S. and {Devlin}, M.~J. and {Dicker}, S. and {Dunkley}, J. and 
	{D{\"u}nner}, R. and {Fowler}, J.~W. and {Hajian}, A. and {Halpern}, M. and 
	{Hasselfield}, M. and {Hilton}, G.~C. and {Hilton}, M. and {Hubmayr}, J. and 
	{Hughes}, J.~P. and {Infante}, L. and {Irwin}, K.~D. and {Jarosik}, N. and 
	{Klein}, J. and {Kosowsky}, A. and {Marriage}, T.~A. and {McMahon}, J. and 
	{Menanteau}, F. and {Moodley}, K. and {Nibarger}, J.~P. and 
	{Nolta}, M.~R. and {Page}, L.~A. and {Partridge}, B. and {Reese}, E.~D. and 
	{Sievers}, J. and {Spergel}, D.~N. and {Staggs}, S.~T. and {Thornton}, R. and 
	{Tucker}, C. and {Wollack}, E. and {Yoon}, K.~W.},
    title = "{ACTPol: a polarization-sensitive receiver for the Atacama Cosmology Telescope}",
booktitle = {Society of Photo-Optical Instrumentation Engineers (SPIE) Conference Series},
     year = 2010,
   series = {Society of Photo-Optical Instrumentation Engineers (SPIE) Conference Series},
   volume = 7741,
archivePrefix = "arXiv",
   eprint = {1006.5049},
 primaryClass = "astro-ph.IM",
    month = jul,
      eid = {77411S},
    pages = {77411S},
      doi = {10.1117/12.857464},
   adsurl = {http://adsabs.harvard.edu/abs/2010SPIE.7741E..1SN},
  adsnote = {Provided by the SAO/NASA Astrophysics Data System}
}


@ARTICLE{SPIDER,
   author = {{Fraisse}, A.~A. and {Ade}, P.~A.~R. and {Amiri}, M. and {Benton}, S.~J. and 
	{Bock}, J.~J. and {Bond}, J.~R. and {Bonetti}, J.~A. and {Bryan}, S. and 
	{Burger}, B. and {Chiang}, H.~C. and {Clark}, C.~N. and {Contaldi}, C.~R. and 
	{Crill}, B.~P. and {Davis}, G. and {Dor{\'e}}, O. and {Farhang}, M. and 
	{Filippini}, J.~P. and {Fissel}, L.~M. and {Gandilo}, N.~N. and 
	{Golwala}, S. and {Gudmundsson}, J.~E. and {Hasselfield}, M. and 
	{Hilton}, G. and {Holmes}, W. and {Hristov}, V.~V. and {Irwin}, K. and 
	{Jones}, W.~C. and {Kuo}, C.~L. and {MacTavish}, C.~J. and {Mason}, P.~V. and 
	{Montroy}, T.~E. and {Morford}, T.~A. and {Netterfield}, C.~B. and 
	{O'Dea}, D.~T. and {Rahlin}, A.~S. and {Reintsema}, C. and {Ruhl}, J.~E. and 
	{Runyan}, M.~C. and {Schenker}, M.~A. and {Shariff}, J.~A. and 
	{Soler}, J.~D. and {Trangsrud}, A. and {Tucker}, C. and {Tucker}, R.~S. and 
	{Turner}, A.~D. and {Wiebe}, D.},
    title = "{SPIDER: probing the early Universe with a suborbital polarimeter}",
  journal = {\jcap},
archivePrefix = "arXiv",
   eprint = {1106.3087},
 primaryClass = "astro-ph.CO",
     year = 2013,
    month = apr,
   volume = 4,
      eid = {047},
    pages = {047},
      doi = {10.1088/1475-7516/2013/04/047},
   adsurl = {http://adsabs.harvard.edu/abs/2013JCAP...04..047F},
  adsnote = {Provided by the SAO/NASA Astrophysics Data System}
}


@ARTICLE{BLASTPol,
   author = {{Galitzki}, N. and {Ade}, P.~A.~R. and {Angil{\`e}}, F.~E. and 
	{Ashton}, P. and {Beall}, J.~A. and {Becker}, D. and {Bradford}, K.~J. and 
	{Che}, G. and {Cho}, H.-M. and {Devlin}, M.~J. and {Dober}, B.~J. and 
	{Fissel}, L.~M. and {Fukui}, Y. and {Gao}, J. and {Groppi}, C.~E. and 
	{Hillbrand}, S. and {Hilton}, G.~C. and {Hubmayr}, J. and {Irwin}, K.~D. and 
	{Klein}, J. and {van Lanen}, J. and {Li}, D. and {Li}, Z.-Y. and 
	{Lourie}, N.~P. and {Mani}, H. and {Martin}, P.~G. and {Mauskopf}, P. and 
	{Nakamura}, F. and {Novak}, G. and {Pappas}, D.~P. and {Pascale}, E. and 
	{Pisano}, G. and {Santos}, F.~P. and {Savini}, G. and {Scott}, D. and 
	{Stanchfield}, S. and {Tucker}, C. and {Ullom}, J.~N. and {Underhill}, M. and 
	{Vissers}, M.~R. and {Ward-Thompson}, D.},
    title = "{The Next Generation BLAST Experiment}",
  journal = {Journal of Astronomical Instrumentation },
archivePrefix = "arXiv",
   eprint = {1409.7084},
 primaryClass = "astro-ph.IM",
 keywords = {Submillimeter, telescope, balloon, star formation, polarization},
     year = 2014,
   volume = 3,
      eid = {1440001},
    pages = {1440001},
      doi = {10.1142/S2251171714400017},
   adsurl = {http://adsabs.harvard.edu/abs/2014JAI.....340001G},
  adsnote = {Provided by the SAO/NASA Astrophysics Data System}
}


@INPROCEEDINGS{ebex,
   author = {{Chapman}, D. and {Aboobaker}, A.~M. and {Ade}, P. and {Aubin}, F. and 
	{Baccigalupi}, C. and {Bandura}, K. and {Bao}, C. and {Borrill}, J. and 
	{Didier}, J. and {Dobbs}, M. and {Gold}, B. and {Grain}, J. and 
	{Grainger}, W. and {Hanany}, S. and {Helson}, K. and {Hillbrand}, S.~N. and 
	{Hilton}, G. and {Hubmayr}, H. and {Irwin}, K. and {Johnson}, B. and 
	{Jaffe}, A. and {Jones}, T.~J. and {Kisner}, T. and {Klein}, J. and 
	{Korotkov}, A. and {Leach}, S. and {Lee}, A.~T. and {Levinson}, L. and 
	{Limon}, M. and {MacDermid}, K. and {Miller}, A.~D. and {Milligan}, M. and 
	{Pascale}, E. and {Raach}, K. and {Reichborn-Kjennerud}, B. and 
	{Sagiv}, I. and {Smecher}, G. and {Stompor}, R. and {Tristram}, M. and 
	{Tucker}, G.~S. and {Westbrook}, B. and {Zilic}, K.},
    title = "{EBEX: A Balloon-Borne CMB Polarization Experiment}",
booktitle = {American Astronomical Society Meeting Abstracts},
     year = 2014,
   series = {American Astronomical Society Meeting Abstracts},
   volume = 223,
    month = jan,
      eid = {407.03},
    pages = {407.03},
   adsurl = {http://adsabs.harvard.edu/abs/2014AAS...22340703C},
  adsnote = {Provided by the SAO/NASA Astrophysics Data System}
}


@ARTICLE{Pisano,
   author = {{Pisano}, G. and {Savini}, G. and {Ade}, P.~A.~R. and {Haynes}, V. and 
	{Gear}, W.~K.},
    title = "{Achromatic half-wave plate for submillimeter instruments in cosmic microwave background astronomy: experimental characterization}",
  journal = {\ao},
 keywords = {Polarimetry, Optical devices, Polarization-sensitive devices, Polarization, Astronomical optics},
     year = 2006,
    month = sep,
   volume = 45,
    pages = {6982-6989},
      doi = {10.1364/AO.45.006982},
   adsurl = {http://adsabs.harvard.edu/abs/2006ApOpt..45.6982P},
  adsnote = {Provided by the SAO/NASA Astrophysics Data System}
}

@ARTICLE{2006PASP..118.1340V,
   author = {{Vaillancourt}, J.~E.},
    title = "{Placing Confidence Limits on Polarization Measurements}",
  journal = {\pasp},
   eprint = {astro-ph/0603110},
 keywords = {Polarization},
     year = 2006,
    month = sep,
   volume = 118,
    pages = {1340-1343},
      doi = {10.1086/507472},
   adsurl = {http://adsabs.harvard.edu/abs/2006PASP..118.1340V},
  adsnote = {Provided by the SAO/NASA Astrophysics Data System}
}


@INPROCEEDINGS{crutcher,
   author = {{Crutcher}, R.~M. and {Troland}, T.~H.},
    title = "{Magnetic fields and star formation - new observational results}",
booktitle = {IAU Symposium},
     year = 2007,
   series = {IAU Symposium},
   volume = 237,
   editor = {{Elmegreen}, B.~G. and {Palous}, J.},
    pages = {141-147},
      doi = {10.1017/S1743921307001366},
   adsurl = {http://adsabs.harvard.edu/abs/2007IAUS..237..141C},
  adsnote = {Provided by the SAO/NASA Astrophysics Data System}
}

@ARTICLE{1951ApJ...114..206D,
   author = {{Davis}, Jr., L. and {Greenstein}, J.~L.},
    title = "{The Polarization of Starlight by Aligned Dust Grains.}",
  journal = {\apj},
     year = 1951,
    month = sep,
   volume = 114,
    pages = {206},
      doi = {10.1086/145464},
   adsurl = {http://adsabs.harvard.edu/abs/1951ApJ...114..206D},
  adsnote = {Provided by the SAO/NASA Astrophysics Data System}
}

@ARTICLE{1988QJRAS..29..327H,
   author = {{Hildebrand}, R.~H.},
    title = "{Magnetic fields and stardust}",
  journal = {\qjras},
 keywords = {Cosmic Dust, Interstellar Magnetic Fields, Interstellar Matter, Far Infrared Radiation, Molecular Clouds, Polarimetry, Submillimeter Waves},
     year = 1988,
    month = sep,
   volume = 29,
    pages = {327-351},
   adsurl = {http://adsabs.harvard.edu/abs/1988QJRAS..29..327H},
  adsnote = {Provided by the SAO/NASA Astrophysics Data System}
}

@ARTICLE{2015A&A...576A.106P,
   author = {{Planck Collaboration} and {Ade}, P.~A.~R. and {Aghanim}, N. and 
	{Alina}, D. and {Aniano}, G. and {Armitage-Caplan}, C. and {Arnaud}, M. and 
	{Ashdown}, M. and {Atrio-Barandela}, F. and {Aumont}, J. and 
	{Baccigalupi}, C. and {Banday}, A.~J. and {Barreiro}, R.~B. and 
	{Battaner}, E. and {Beichman}, C. and {Benabed}, K. and {Benoit-L{\'e}vy}, A. and 
	{Bernard}, J.-P. and {Bersanelli}, M. and {Bielewicz}, P. and 
	{Bock}, J.~J. and {Bond}, J.~R. and {Borrill}, J. and {Bouchet}, F.~R. and 
	{Boulanger}, F. and {Burigana}, C. and {Cardoso}, J.-F. and 
	{Catalano}, A. and {Chamballu}, A. and {Chary}, R.-R. and {Chiang}, H.~C. and 
	{Christensen}, P.~R. and {Colombi}, S. and {Colombo}, L.~P.~L. and 
	{Combet}, C. and {Couchot}, F. and {Coulais}, A. and {Crill}, B.~P. and 
	{Curto}, A. and {Cuttaia}, F. and {Danese}, L. and {Davies}, R.~D. and 
	{Davis}, R.~J. and {de Bernardis}, P. and {de Rosa}, A. and 
	{de Zotti}, G. and {Delabrouille}, J. and {D{\'e}sert}, F.-X. and 
	{Dickinson}, C. and {Diego}, J.~M. and {Donzelli}, S. and {Dor{\'e}}, O. and 
	{Douspis}, M. and {Dunkley}, J. and {Dupac}, X. and {Efstathiou}, G. and 
	{En{\ss}lin}, T.~A. and {Eriksen}, H.~K. and {Falgarone}, E. and 
	{Fanciullo}, L. and {Finelli}, F. and {Forni}, O. and {Frailis}, M. and 
	{Fraisse}, A.~A. and {Franceschi}, E. and {Galeotta}, S. and 
	{Ganga}, K. and {Ghosh}, T. and {Giard}, M. and {Giraud-H{\'e}raud}, Y. and 
	{Gonz{\'a}lez-Nuevo}, J. and {G{\'o}rski}, K.~M. and {Gregorio}, A. and 
	{Gruppuso}, A. and {Guillet}, V. and {Hansen}, F.~K. and {Harrison}, D.~L. and 
	{Helou}, G. and {Hern{\'a}ndez-Monteagudo}, C. and {Hildebrandt}, S.~R. and 
	{Hivon}, E. and {Hobson}, M. and {Holmes}, W.~A. and {Hornstrup}, A. and 
	{Huffenberger}, K.~M. and {Jaffe}, A.~H. and {Jaffe}, T.~R. and 
	{Jones}, W.~C. and {Juvela}, M. and {Keih{\"a}nen}, E. and {Keskitalo}, R. and 
	{Kisner}, T.~S. and {Kneissl}, R. and {Knoche}, J. and {Kunz}, M. and 
	{Kurki-Suonio}, H. and {Lagache}, G. and {L{\"a}hteenm{\"a}ki}, A. and 
	{Lamarre}, J.-M. and {Lasenby}, A. and {Lawrence}, C.~R. and 
	{Leonardi}, R. and {Levrier}, F. and {Liguori}, M. and {Lilje}, P.~B. and 
	{Linden-V{\o}rnle}, M. and {L{\'o}pez-Caniego}, M. and {Lubin}, P.~M. and 
	{Mac{\'{\i}}as-P{\'e}rez}, J.~F. and {Maffei}, B. and {Magalh{\~a}es}, A.~M. and 
	{Maino}, D. and {Mandolesi}, N. and {Maris}, M. and {Marshall}, D.~J. and 
	{Martin}, P.~G. and {Mart{\'{\i}}nez-Gonz{\'a}lez}, E. and {Masi}, S. and 
	{Matarrese}, S. and {Mazzotta}, P. and {Melchiorri}, A. and 
	{Mendes}, L. and {Mennella}, A. and {Migliaccio}, M. and {Miville-Desch{\^e}nes}, M.-A. and 
	{Moneti}, A. and {Montier}, L. and {Morgante}, G. and {Mortlock}, D. and 
	{Munshi}, D. and {Murphy}, J.~A. and {Naselsky}, P. and {Nati}, F. and 
	{Natoli}, P. and {Netterfield}, C.~B. and {Noviello}, F. and 
	{Novikov}, D. and {Novikov}, I. and {Oxborrow}, C.~A. and {Pagano}, L. and 
	{Pajot}, F. and {Paladini}, R. and {Paoletti}, D. and {Pasian}, F. and 
	{Perdereau}, O. and {Perotto}, L. and {Perrotta}, F. and {Piacentini}, F. and 
	{Piat}, M. and {Pietrobon}, D. and {Plaszczynski}, S. and {Poidevin}, F. and 
	{Pointecouteau}, E. and {Polenta}, G. and {Popa}, L. and {Pratt}, G.~W. and 
	{Prunet}, S. and {Puget}, J.-L. and {Rachen}, J.~P. and {Reach}, W.~T. and 
	{Rebolo}, R. and {Reinecke}, M. and {Remazeilles}, M. and {Renault}, C. and 
	{Ricciardi}, S. and {Riller}, T. and {Ristorcelli}, I. and {Rocha}, G. and 
	{Rosset}, C. and {Roudier}, G. and {Rusholme}, B. and {Sandri}, M. and 
	{Savini}, G. and {Scott}, D. and {Spencer}, L.~D. and {Stolyarov}, V. and 
	{Stompor}, R. and {Sudiwala}, R. and {Sutton}, D. and {Suur-Uski}, A.-S. and 
	{Sygnet}, J.-F. and {Tauber}, J.~A. and {Terenzi}, L. and {Toffolatti}, L. and 
	{Tomasi}, M. and {Tristram}, M. and {Tucci}, M. and {Umana}, G. and 
	{Valenziano}, L. and {Valiviita}, J. and {Van Tent}, B. and 
	{Vielva}, P. and {Villa}, F. and {Wade}, L.~A. and {Wandelt}, B.~D. and 
	{Zonca}, A.},
    title = "{Planck intermediate results. XXI. Comparison of polarized thermal emission from Galactic dust at 353 GHz with interstellar polarization in the visible}",
  journal = {\aap},
archivePrefix = "arXiv",
   eprint = {1405.0873},
 keywords = {polarization, dust, extinction, ISM: clouds, ISM: magnetic fields, submillimeter: ISM},
     year = 2015,
    month = apr,
   volume = 576,
      eid = {A106},
    pages = {A106},
      doi = {10.1051/0004-6361/201424087},
   adsurl = {http://adsabs.harvard.edu/abs/2015A%26A...576A.106P},
  adsnote = {Provided by the SAO/NASA Astrophysics Data System}
}


@ARTICLE{leach1991,
   author = {{Leach}, R.~W. and {Clemens}, D.~P. and {Kane}, B.~D. and {Barvainis}, R.
	},
    title = "{Polarimetric mapping of Orion using MILLIPOL - Magnetic activity in BN/KL}",
  journal = {\apj},
 keywords = {Interstellar Matter, Orion Nebula, Polarimetry, Cosmic Dust, Spatial Distribution, Stellar Magnetic Fields, Thermal Emission},
     year = 1991,
    month = mar,
   volume = 370,
    pages = {257-262},
      doi = {10.1086/169811},
   adsurl = {http://adsabs.harvard.edu/abs/1991ApJ...370..257L},
  adsnote = {Provided by the SAO/NASA Astrophysics Data System}
}

@ARTICLE{KHW1982,
   author = {{Keene}, J. and {Hildebrand}, R.~H. and {Whitcomb}, S.~E.},
    title = "{A high resolution submillimeter map of OMC-1}",
  journal = {\apjl},
 keywords = {Astronomical Maps, High Resolution, Molecular Clouds, Orion Nebula, Submillimeter Waves, Angular Resolution, Cosmic Dust, Emission Spectra, Far Infrared Radiation, Interstellar Matter, Mass Distribution, Radiation Sources, Spectral Resolution},
     year = 1982,
    month = jan,
   volume = 252,
    pages = {L11-L15},
      doi = {10.1086/183709},
   adsurl = {http://adsabs.harvard.edu/abs/1982ApJ...252L..11K},
  adsnote = {Provided by the SAO/NASA Astrophysics Data System}
}
