@online{concerto,
	author = {Lagache, G.},
	url = {https://people.lam.fr/lagache.guilaine/CONCERTO.html},
}


@thesis{Gao,
	author = {{Gao}, J. },
	title = {The Physics of Superconducting Microwave Resonators},
	type = {Ph.D. Thesis},
	institution = {California Institute of Technology},
	year = 2008,
}

@ARTICLE{mpi,
	author = {{Martin}, D.~H. and {Puplett}, E.},
	title = "{Polarised interferometric spectrometry for the millimeter and submillimeter spectrum.}",
	journal = {Infrared Physics},
	year = 1970,
	volume = 10,
	pages = {105-109},
	doi = {10.1016/0020-0891(70)90006-0},
	adsurl = {http://adsabs.harvard.edu/abs/1970InfPh..10..105M},
	adsnote = {Provided by the SAO/NASA Astrophysics Data System}
}

@article{kids,
	author = {Zmuidzinas, Jonas},
	title = {Superconducting Microresonators: Physics and Applications},
	journal = {Annual Review of Condensed Matter Physics},
	volume = {3},
	number = {1},
	pages = {169-214},
	year = {2012},
	doi = {10.1146/annurev-conmatphys-020911-125022},
	URL = {https://doi.org/10.1146/annurev-conmatphys-020911-125022},
	eprint = {https://doi.org/10.1146/annurev-conmatphys-020911-125022}
}

@ARTICLE{FIRAS,
	author = {{Mather}, J.~C. and {Fixsen}, D.~J. and {Shafer}, R.~A. and
	{Mosier}, C. and {Wilkinson}, D.~T.},
	title = "{Calibrator Design for the COBE Far-Infrared Absolute Spectrophotometer (FIRAS)}",
	journal = {\apj},
	eprint = {astro-ph/9810373},
	keywords = {COSMOLOGY: COSMIC MICROWAVE BACKGROUND, COSMOLOGY: OBSERVATIONS, INSTRUMENTATION: SPECTROGRAPHS, Cosmology: Cosmic Microwave Background, Cosmology: Observations, Instrumentation: Spectrographs},
	year = 1999,
	month = feb,
	volume = 512,
	pages = {511-520},
	doi = {10.1086/306805},
	adsurl = {http://adsabs.harvard.edu/abs/1999ApJ...512..511M},
	adsnote = {Provided by the SAO/NASA Astrophysics Data System}
}

@ARTICLE{ALMA,
	author = {{Kitayama}, T. and {Ueda}, S. and {Takakuwa}, S. and {Tsutsumi}, T. and 
	{Komatsu}, E. and {Akahori}, T. and {Iono}, D. and {Izumi}, T. and 
	{Kawabe}, R. and {Kohno}, K. and {Matsuo}, H. and {Ota}, N. and 
	{Suto}, Y. and {Takizawa}, M. and {Yoshikawa}, K.},
	title = "{The Sunyaev-Zel'dovich effect at 5{\Prime}: RX J1347.5-1145 imaged by ALMA}",
	journal = {\pasj},
	archivePrefix = "arXiv",
	eprint = {1607.08833},
	keywords = {cosmology: observations, galaxies: clusters: intracluster medium, radio continuum: general, techniques: interferometric, X-rays: galaxies: clusters},
	year = 2016,
	month = oct,
	volume = 68,
	eid = {88},
	pages = {88},
	doi = {10.1093/pasj/psw082},
	adsurl = {http://adsabs.harvard.edu/abs/2016PASJ...68...88K},
	adsnote = {Provided by the SAO/NASA Astrophysics Data System}
}

@ARTICLE{Calvo2013,
   author = {{Calvo}, M. and {Roesch}, M. and {D{\'e}sert}, F.-X. and {Monfardini}, A. and 
	{Benoit}, A. and {Mauskopf}, P. and {Ade}, P. and {Boudou}, N. and 
	{Bourrion}, O. and {Camus}, P. and {Cruciani}, A. and {Doyle}, S. and 
	{Hoffmann}, C. and {Leclercq}, S. and {Macias-Perez}, J.~F. and 
	{Ponthieu}, N. and {Schuster}, K.~F. and {Tucker}, C. and {Vescovi}, C.
	},
    title = "{Improved mm-wave photometry for kinetic inductance detectors}",
  journal = {\aap},
 keywords = {instrumentation: detectors, methods: observational, telescopes, techniques: photometric},
     year = 2013,
    month = mar,
   volume = 551,
      eid = {L12},
    pages = {L12},
      doi = {10.1051/0004-6361/201219854},
   adsurl = {http://adsabs.harvard.edu/abs/2013A%26A...551L..12C},
  adsnote = {Provided by the SAO/NASA Astrophysics Data System}
}


@book{cryo,
	author = {{Ventura},G. and {Risegnari},L.},
	title = {The Art of Cryogenics},
	date = {2008},

}


@ARTICLE{Nati_2007_the_olimpo_experiment,
	author = {{Nati}, F. and {Ade}, P. and {Boscaleri}, A. and {Brienza}, D. and 
	{Calvo}, M. and {Colafrancesco}, S. and {Conversi}, L. and {de Bernardis}, P. and 
	{De Petris}, M. and {Delbart}, A. and {Hargrave}, P. and {Iacoangeli}, A. and 
	{Juin}, J.~B. and {Magneville}, C. and {Marini Bettolo}, C. and 
	{Masi}, S. and {Mauskopf}, P. and {Melchiorri}, F. and {Nati}, L. and 
	{Orlando}, A. and {Rephaeli}, Y. and {Romeo}, G. and {Pansart}, J.~P. and 
	{Peterzen}, S. and {Piacentini}, F. and {Pisano}, G. and {Polenta}, G. and 
	{Salvaterra}, L. and {Savini}, G. and {Tucker}, C. and {Yvon}, D.
	},
	title = "{The OLIMPO experiment}",
	journal = {\nar},
	year = 2007,
	month = mar,
	volume = 51,
	pages = {385-389},
	doi = {10.1016/j.newar.2006.11.066},
	adsurl = {http://adsabs.harvard.edu/abs/2007NewAR..51..385N},
	adsnote = {Provided by the SAO/NASA Astrophysics Data System}
}
@INPROCEEDINGS{Sayers_2010:MUSIC_camera,
	author = {{Sayers}, J. and {Czakon}, N.~G. and {Day}, P.~K. and {Downes}, T.~P. and 
	{Duan}, R.~P. and {Gao}, J. and {Glenn}, J. and {Golwala}, S.~R. and 
	{Hollister}, M.~I. and {LeDuc}, H.~G. and {Mazin}, B.~A. and 
	{Maloney}, P.~R. and {Noroozian}, O. and {Nguyen}, H.~T. and 
	{Schlaerth}, J.~A. and {Siegel}, S. and {Vaillancourt}, J.~E. and 
	{Vayonakis}, A. and {Wilson}, P.~R. and {Zmuidzinas}, J.},
	title = "{Optics for MUSIC: a new (sub)millimeter camera for the Caltech Submillimeter Observatory}",
	booktitle = {Millimeter, Submillimeter, and Far-Infrared Detectors and Instrumentation for Astronomy V},
	year = 2010,
	series = {\procspie},
	volume = 7741,
	month = jul,
	eid = {77410W},
	pages = {77410W},
	doi = {10.1117/12.857324},
	adsurl = {http://adsabs.harvard.edu/abs/2010SPIE.7741E..0WS},
	adsnote = {Provided by the SAO/NASA Astrophysics Data System}
}

@ARTICLE{Monfardini_2010:NIKA,
	author = {{Monfardini}, A. and {Swenson}, L.~J. and {Bideaud}, A. and 
	{D{\'e}sert}, F.~X. and {Yates}, S.~J.~C. and {Benoit}, A. and 
	{Baryshev}, A.~M. and {Baselmans}, J.~J.~A. and {Doyle}, S. and 
	{Klein}, B. and {Roesch}, M. and {Tucker}, C. and {Ade}, P. and 
	{Calvo}, M. and {Camus}, P. and {Giordano}, C. and {Guesten}, R. and 
	{Hoffmann}, C. and {Leclercq}, S. and {Mauskopf}, P. and {Schuster}, K.~F.
	},
	title = "{NIKA: A millimeter-wave kinetic inductance camera}",
	journal = {\aap},
	archivePrefix = "arXiv",
	eprint = {1004.2209},
	primaryClass = "astro-ph.IM",
	keywords = {instrumentation: detectors, submillimeter: general},
	year = 2010,
	month = oct,
	volume = 521,
	eid = {A29},
	pages = {A29},
	doi = {10.1051/0004-6361/201014727},
	adsurl = {http://adsabs.harvard.edu/abs/2010A%26A...521A..29M},
	adsnote = {Provided by the SAO/NASA Astrophysics Data System}
}
@ARTICLE{Kosowsky_2003:the_atacama_cosmology_telescope_ACT,
	author = {{Kosowsky}, A.},
	title = "{The Atacama Cosmology Telescope}",
	journal = {\nar},
	eprint = {astro-ph/0402234},
	year = 2003,
	month = dec,
	volume = 47,
	pages = {939-943},
	doi = {10.1016/j.newar.2003.09.003},
	adsurl = {http://adsabs.harvard.edu/abs/2003NewAR..47..939K},
	adsnote = {Provided by the SAO/NASA Astrophysics Data System}
}

@ARTICLE{Staniszewski_2009:first_cluster_discovery_with_SZE,
	author = {{Staniszewski}, Z. and {Ade}, P.~A.~R. and {Aird}, K.~A. and 
	{Benson}, B.~A. and {Bleem}, L.~E. and {Carlstrom}, J.~E. and 
	{Chang}, C.~L. and {Cho}, H.-M. and {Crawford}, T.~M. and {Crites}, A.~T. and 
	{de Haan}, T. and {Dobbs}, M.~A. and {Halverson}, N.~W. and 
	{Holder}, G.~P. and {Holzapfel}, W.~L. and {Hrubes}, J.~D. and 
	{Joy}, M. and {Keisler}, R. and {Lanting}, T.~M. and {Lee}, A.~T. and 
	{Leitch}, E.~M. and {Loehr}, A. and {Lueker}, M. and {McMahon}, J.~J. and 
	{Mehl}, J. and {Meyer}, S.~S. and {Mohr}, J.~J. and {Montroy}, T.~E. and 
	{Ngeow}, C.-C. and {Padin}, S. and {Plagge}, T. and {Pryke}, C. and 
	{Reichardt}, C.~L. and {Ruhl}, J.~E. and {Schaffer}, K.~K. and 
	{Shaw}, L. and {Shirokoff}, E. and {Spieler}, H.~G. and {Stalder}, B. and 
	{Stark}, A.~A. and {Vanderlinde}, K. and {Vieira}, J.~D. and 
	{Zahn}, O. and {Zenteno}, A.},
	title = "{Galaxy Clusters Discovered with a Sunyaev-Zel'dovich Effect Survey}",
	journal = {\apj},
	archivePrefix = "arXiv",
	eprint = {0810.1578},
	keywords = {cosmic microwave background, cosmology: observations, galaxies: clusters: general},
	year = 2009,
	month = aug,
	volume = 701,
	pages = {32-41},
	doi = {10.1088/0004-637X/701/1/32},
	adsurl = {http://adsabs.harvard.edu/abs/2009ApJ...701...32S},
	adsnote = {Provided by the SAO/NASA Astrophysics Data System}
}


@ARTICLE{Cooray_2002:rotational_kSZE,
	author = {{Cooray}, A. and {Chen}, X.},
	title = "{Kinetic Sunyaev-Zel'dovich Effect from Halo Rotation}",
	journal = {\apj},
	eprint = {astro-ph/0107544},
	keywords = {Cosmology: Cosmic Microwave Background, Cosmology: Theory, Cosmology: Large-Scale Structure of Universe},
	year = 2002,
	month = jul,
	volume = 573,
	pages = {43-50},
	doi = {10.1086/340582},
	adsurl = {http://adsabs.harvard.edu/abs/2002ApJ...573...43C},
	adsnote = {Provided by the SAO/NASA Astrophysics Data System}
}

@ARTICLE{Masi_2008_OLIMPO,
	author = {{Masi}, S. and {Battistelli}, E. and {Brienza}, D. and {Conversi}, L. and 
	{Cruciani}, A. and {de Bernardis}, P. and {De Petris}, M. and 
	{Fiadino}, P. and {Iacoangeli}, A. and {Lamagna}, L. and {Nati}, L. and 
	{Nati}, F. and {Piacentini}, F. and {Polenta}, G. and {Ade}, P.~A.~R. and 
	{Hargrave}, P. and {Mauskopf}, P. and {Morozov}, D. and {Savini}, G. and 
	{Tucker}, C. and {Boscaleri}, A. and {Peterzen}, S. and {Di Stefano}, G. and 
	{Romeo}, G. and {Delbart}, A. and {Magneville}, C. and {Pansart}, J.~P. and 
	{Yvon}, D. and {Doumoulin}, L. and {Camus}, P. and {Gromov}, V. and 
	{Maslov}, I.},
	title = "{OLIMPO}",
	journal = {\memsai},
	keywords = {Cosmology: Cosmic Microwave Background, Cosmology: Clusters of Galaxies, Stratospheric Balloons},
	year = 2008,
	volume = 79,
	pages = {887},
	adsurl = {http://adsabs.harvard.edu/abs/2008MmSAI..79..887M},
	adsnote = {Provided by the SAO/NASA Astrophysics Data System}
}

@ARTICLE{Comis_2016_NIKA2_angular_resolution,
	author = {{Comis}, B. and {Adam}, R. and {Ade}, P. and {Andr{\'e}}, P. and 
	{Arnaud}, M. and {Bartalucci}, I. and {Beelen}, A. and {Beno{\^i}t}, A. and 
	{Bideaud}, A. and {Billot}, N. and {Bourrion}, O. and {Calvo}, M. and 
	{Catalano}, A. and {Coiffard}, G. and {D{\'e}sert}, F.-X. and 
	{Doyle}, S. and {Goupy}, J. and {Kramer}, C. and {Lagache}, G. and 
	{Leclercq}, S. and {Mac{\'{\i}}as-P{\'e}rez}, J.~F. and {Mauskopf}, P. and 
	{Mayet}, F. and {Monfardini}, A. and {Pajot}, F. and {Pascale}, E. and 
	{Perotto}, L. and {Pointecouteau}, E. and {Pisano}, G. and {Ponthieu}, N. and 
	{Pratt}, G.~W. and {Rev{\'e}ret}, V. and {Ritacco}, A. and {Rodriguez}, L. and 
	{Romero}, C. and {Ruppin}, F. and {Savini}, G. and {Schuster}, K. and 
	{Sievers}, A. and {Triqueneaux}, S. and {Tucker}, C. and {Zilch}, R.
	},
	title = "{High angular resolution SZ observations with NIKA and NIKA2}",
	journal = {ArXiv e-prints},
	archivePrefix = "arXiv",
	eprint = {1605.09549},
	keywords = {Astrophysics - Cosmology and Nongalactic Astrophysics},
	year = 2016,
	month = may,
	adsurl = {http://adsabs.harvard.edu/abs/2016arXiv160509549C},
	adsnote = {Provided by the SAO/NASA Astrophysics Data System}
}

@ARTICLE{Crawford_2016:SPT_angular_resolution,
	author = {{Crawford}, T.~M. and {Chown}, R. and {Holder}, G.~P. and {Aird}, K.~A. and 
	{Benson}, B.~A. and {Bleem}, L.~E. and {Carlstrom}, J.~E. and 
	{Chang}, C.~L. and {Cho}, H.-M. and {Crites}, A.~T. and {de Haan}, T. and 
	{Dobbs}, M.~A. and {George}, E.~M. and {Halverson}, N.~W. and 
	{Harrington}, N.~L. and {Holzapfel}, W.~L. and {Hou}, Z. and 
	{Hrubes}, J.~D. and {Keisler}, R. and {Knox}, L. and {Lee}, A.~T. and 
	{Leitch}, E.~M. and {Luong-Van}, D. and {Marrone}, D.~P. and 
	{McMahon}, J.~J. and {Meyer}, S.~S. and {Mocanu}, L.~M. and 
	{Mohr}, J.~J. and {Natoli}, T. and {Padin}, S. and {Pryke}, C. and 
	{Reichardt}, C.~L. and {Ruhl}, J.~E. and {Sayre}, J.~T. and 
	{Schaffer}, K.~K. and {Shirokoff}, E. and {Staniszewski}, Z. and 
	{Stark}, A.~A. and {Story}, K.~T. and {Vanderlinde}, K. and 
	{Vieira}, J.~D. and {Williamson}, R.},
	title = "{Maps of the Magellanic Clouds from Combined South Pole Telescope and PLANCK Data}",
	journal = {\apjs},
	archivePrefix = "arXiv",
	eprint = {1605.00966},
	keywords = {Magellanic Clouds, methods: data analysis},
	year = 2016,
	month = dec,
	volume = 227,
	eid = {23},
	pages = {23},
	doi = {10.3847/1538-4365/227/2/23},
	adsurl = {http://adsabs.harvard.edu/abs/2016ApJS..227...23C},
	adsnote = {Provided by the SAO/NASA Astrophysics Data System}
}

@ARTICLE{Fowler_2010_ACT_angular_resolution,
	author = {{Fowler}, J.~W. and {Acquaviva}, V. and {Ade}, P.~A.~R. and 
	{Aguirre}, P. and {Amiri}, M. and {Appel}, J.~W. and {Barrientos}, L.~F. and 
	{Battistelli}, E.~S. and {Bond}, J.~R. and {Brown}, B. and {Burger}, B. and 
	{Chervenak}, J. and {Das}, S. and {Devlin}, M.~J. and {Dicker}, S.~R. and 
	{Doriese}, W.~B. and {Dunkley}, J. and {D{\"u}nner}, R. and 
	{Essinger-Hileman}, T. and {Fisher}, R.~P. and {Hajian}, A. and 
	{Halpern}, M. and {Hasselfield}, M. and {Hern{\'a}ndez-Monteagudo}, C. and 
	{Hilton}, G.~C. and {Hilton}, M. and {Hincks}, A.~D. and {Hlozek}, R. and 
	{Huffenberger}, K.~M. and {Hughes}, D.~H. and {Hughes}, J.~P. and 
	{Infante}, L. and {Irwin}, K.~D. and {Jimenez}, R. and {Juin}, J.~B. and 
	{Kaul}, M. and {Klein}, J. and {Kosowsky}, A. and {Lau}, J.~M. and 
	{Limon}, M. and {Lin}, Y.-T. and {Lupton}, R.~H. and {Marriage}, T.~A. and 
	{Marsden}, D. and {Martocci}, K. and {Mauskopf}, P. and {Menanteau}, F. and 
	{Moodley}, K. and {Moseley}, H. and {Netterfield}, C.~B. and 
	{Niemack}, M.~D. and {Nolta}, M.~R. and {Page}, L.~A. and {Parker}, L. and 
	{Partridge}, B. and {Quintana}, H. and {Reid}, B. and {Sehgal}, N. and 
	{Sievers}, J. and {Spergel}, D.~N. and {Staggs}, S.~T. and {Swetz}, D.~S. and 
	{Switzer}, E.~R. and {Thornton}, R. and {Trac}, H. and {Tucker}, C. and 
	{Verde}, L. and {Warne}, R. and {Wilson}, G. and {Wollack}, E. and 
	{Zhao}, Y.},
	title = "{The Atacama Cosmology Telescope: A Measurement of the 600 $\lt$ ell $\lt$ 8000 Cosmic Microwave Background Power Spectrum at 148 GHz}",
	journal = {\apj},
	archivePrefix = "arXiv",
	eprint = {1001.2934},
	primaryClass = "astro-ph.CO",
	keywords = {cosmic background radiation, cosmology: observations},
	year = 2010,
	month = oct,
	volume = 722,
	pages = {1148-1161},
	doi = {10.1088/0004-637X/722/2/1148},
	adsurl = {http://adsabs.harvard.edu/abs/2010ApJ...722.1148F},
	adsnote = {Provided by the SAO/NASA Astrophysics Data System}
}

@ARTICLE{Perrott_2015_Planck_angular_resolution,
	author = {{Perrott}, Y.~C. and {Olamaie}, M. and {Rumsey}, C. and {Brown}, M.~L. and 
	{Feroz}, F. and {Grainge}, K.~J.~B. and {Hobson}, M.~P. and 
	{Lasenby}, A.~N. and {MacTavish}, C.~J. and {Pooley}, G.~G. and 
	{Saunders}, R.~D.~E. and {Schammel}, M.~P. and {Scott}, P.~F. and 
	{Shimwell}, T.~W. and {Titterington}, D.~J. and {Waldram}, E.~M. and 
	{Aghanim}, N. and {Arnaud}, M. and {Ashdown}, M. and {Aussel}, H. and 
	{Barrena}, R. and {Bikmaev}, I. and {B{\"o}hringer}, H. and 
	{Burenin}, R. and {Carvalho}, P. and {Chon}, G. and {Comis}, B. and 
	{Dahle}, H. and {Democles}, J. and {Douspis}, M. and {Harrison}, D. and 
	{Hempel}, A. and {Hurier}, G. and {Khamitov}, I. and {Kneissl}, R. and 
	{Mac{\'{\i}}as-P{\'e}rez}, J.~F. and {Melin}, J.-B. and {Pointecouteau}, E. and 
	{Pratt}, G.~W. and {Rubi{\~n}o-Mart{\'{\i}}n}, J.~A. and {Stolyarov}, V. and 
	{Sutton}, D.},
	title = "{Comparison of Sunyaev-Zel'dovich measurements from Planck and from the Arcminute Microkelvin Imager for 99 galaxy clusters}",
	journal = {\aap},
	archivePrefix = "arXiv",
	eprint = {1405.5013},
	keywords = {cosmology: observations, galaxies: clusters: general, galaxies: clusters: intracluster medium, cosmic background radiation, X-rays: galaxies: clusters},
	year = 2015,
	month = aug,
	volume = 580,
	eid = {A95},
	pages = {A95},
	doi = {10.1051/0004-6361/201424188},
	adsurl = {http://adsabs.harvard.edu/abs/2015A%26A...580A..95P},
	adsnote = {Provided by the SAO/NASA Astrophysics Data System}
}

@online{abell,
	title = { ABELL 2319},
	date = {2010},
	url = {http://planck.cf.ac.uk/results/abell-2319},

}

@ARTICLE{Saro_2014_CMB_temperature_evolution_from_SPT,
	author = {{Saro}, A. and {Liu}, J. and {Mohr}, J.~J. and {Aird}, K.~A. and 
	{Ashby}, M.~L.~N. and {Bayliss}, M. and {Benson}, B.~A. and 
	{Bleem}, L.~E. and {Bocquet}, S. and {Brodwin}, M. and {Carlstrom}, J.~E. and 
	{Chang}, C.~L. and {Chiu}, I. and {Cho}, H.~M. and {Clocchiatti}, A. and 
	{Crawford}, T.~M. and {Crites}, A.~T. and {de Haan}, T. and 
	{Desai}, S. and {Dietrich}, J.~P. and {Dobbs}, M.~A. and {Dolag}, K. and 
	{Dudley}, J.~P. and {Foley}, R.~J. and {Gangkofner}, D. and 
	{George}, E.~M. and {Gladders}, M.~D. and {Gonzalez}, A.~H. and 
	{Halverson}, N.~W. and {Hennig}, C. and {Hlavacek-Larrondo}, J. and 
	{Holzapfel}, W.~L. and {Hrubes}, J.~D. and {Jones}, C. and {Keisler}, R. and 
	{Lee}, A.~T. and {Leitch}, E.~M. and {Lueker}, M. and {Luong-Van}, D. and 
	{Mantz}, A. and {Marrone}, D.~P. and {McDonald}, M. and {McMahon}, J.~J. and 
	{Mehl}, J. and {Meyer}, S.~S. and {Mocanu}, L. and {Montroy}, T.~E. and 
	{Murray}, S.~S. and {Nurgaliev}, D. and {Padin}, S. and {Patej}, A. and 
	{Pryke}, C. and {Reichardt}, C.~L. and {Rest}, A. and {Ruel}, J. and 
	{Ruhl}, J.~E. and {Saliwanchik}, B.~R. and {Sayre}, J.~T. and 
	{Schaffer}, K.~K. and {Shirokoff}, E. and {Spieler}, H.~G. and 
	{Stalder}, B. and {Staniszewski}, Z. and {Stark}, A.~A. and 
	{Story}, K. and {van Engelen}, A. and {Vanderlinde}, K. and 
	{Vieira}, J.~D. and {Vikhlinin}, A. and {Williamson}, R. and 
	{Zahn}, O. and {Zenteno}, A.},
	title = "{Constraints on the CMB temperature evolution using multiband measurements of the Sunyaev-Zel'dovich effect with the South Pole Telescope}",
	journal = {\mnras},
	archivePrefix = "arXiv",
	eprint = {1312.2462},
	keywords = {galaxies: clusters: general, cosmic background radiation, cosmology: observations, cosmology: theory, submillimetre: general},
	year = 2014,
	month = may,
	volume = 440,
	pages = {2610-2615},
	doi = {10.1093/mnras/stu575},
	adsurl = {http://adsabs.harvard.edu/abs/2014MNRAS.440.2610S},
	adsnote = {Provided by the SAO/NASA Astrophysics Data System}
}

@ARTICLE{Hurier_2014_CMB_temperature_evolution_from_Planck,
	author = {{Hurier}, G. and {Aghanim}, N. and {Douspis}, M. and {Pointecouteau}, E.
	},
	title = "{Measurement of the T$_{CMB}$ evolution from the Sunyaev-Zel'dovich effect}",
	journal = {\aap},
	archivePrefix = "arXiv",
	eprint = {1311.4694},
	keywords = {cosmology: observations, cosmic background radiation, galaxies: clusters: general},
	year = 2014,
	month = jan,
	volume = 561,
	eid = {A143},
	pages = {A143},
	doi = {10.1051/0004-6361/201322632},
	adsurl = {http://adsabs.harvard.edu/abs/2014A%26A...561A.143H},
	adsnote = {Provided by the SAO/NASA Astrophysics Data System}
}


@ARTICLE{Swenson,
	author = {{Swenson}, L. J. and {Cruciani}, A. and {Benoi}, A. and {Roesch}, M. and {Yung}, C. S. and {Bideaud} A. and {Monfardini} A.
	},
	title = "{High-speed phonon imaging using frequency-multiplexed kinetic inductance detectors}",
	journal = {Applied Physics Letters},
	year = 2010,
	volume = 96,
	pages = {263511},
	doi = { https://doi.org/10.1063/1.3459142},
	adsurl = {https://aip.scitation.org/doi/citedby/10.1063/1.3459142}
}

@ARTICLE{Planck_2014_cosmological_parameters,
	author = {{Planck Collaboration} and {Ade}, P.~A.~R. and {Aghanim}, N. and 
	{Armitage-Caplan}, C. and {Arnaud}, M. and {Ashdown}, M. and 
	{Atrio-Barandela}, F. and {Aumont}, J. and {Baccigalupi}, C. and 
	{Banday}, A.~J. and et al.},
	title = "{Planck 2013 results. XVI. Cosmological parameters}",
	journal = {\aap},
	archivePrefix = "arXiv",
	eprint = {1303.5076},
	keywords = {cosmic background radiation, cosmological parameters, early Universe, inflation, primordial nucleosynthesis},
	year = 2014,
	month = nov,
	volume = 571,
	eid = {A16},
	pages = {A16},
	doi = {10.1051/0004-6361/201321591},
	adsurl = {http://adsabs.harvard.edu/abs/2014A%26A...571A..16P},
	adsnote = {Provided by the SAO/NASA Astrophysics Data System}
}

@ARTICLE{Kitayama_2014_cosmological_implications_of_SZE,
	author = {{Kitayama}, T.},
	title = "{Cosmological and astrophysical implications of the Sunyaev-Zel'dovich effect}",
	journal = {Progress of Theoretical and Experimental Physics},
	keywords = {E50, E63, E64, E65, F12},
	year = 2014,
	month = jun,
	volume = 2014,
	eid = {06B111},
	pages = {06B111},
	doi = {10.1093/ptep/ptu055},
	adsurl = {http://adsabs.harvard.edu/abs/2014PTEP.2014B06111},
	adsnote = {Provided by the SAO/NASA Astrophysics Data System}
}


@ARTICLE{Rephaeli_1995:SZE,
	author = {{Rephaeli}, Y.},
	title = "{Comptonization Of The Cosmic Microwave Background: The Sunyaev-Zel'dovich Effect}",
	journal = {\araa},
	year = 1995,
	volume = 33,
	pages = {541-580},
	doi = {10.1146/annurev.aa.33.090195.002545},
	adsurl = {http://adsabs.harvard.edu/abs/1995ARA%26A..33..541R},
	adsnote = {Provided by the SAO/NASA Astrophysics Data System}
}

@online{SZE_new,
	ALTauthor = {Edward L. {Wright}, E.~L.},
	ALTeditor = {editor},
	title = { Sunyaev-Zel'dovich Spectrum },
	date = {2008},
	url = {http://www.astro.ucla.edu/~wright/SZ-spectrum.html},
}

@ARTICLE{Birkinshaw_1999:The_Sunyaev_Zeldovich_Effect,
	author = {{Birkinshaw}, M.},
	title = "{The Sunyaev-Zel'dovich effect}",
	journal = {\physrep},
	eprint = {astro-ph/9808050},
	year = 1999,
	month = mar,
	volume = 310,
	pages = {97-195},
	doi = {10.1016/S0370-1573(98)00080-5},
	adsurl = {http://adsabs.harvard.edu/abs/1999PhR...310...97B},
	adsnote = {Provided by the SAO/NASA Astrophysics Data System}
}

@ARTICLE{Carlstrom_2002_SZE,
	author = {{Carlstrom}, J.~E. and {Holder}, G.~P. and {Reese}, E.~D.},
	title = "{Cosmology with the Sunyaev-Zel'dovich Effect}",
	journal = {\araa},
	eprint = {astro-ph/0208192},
	keywords = {galaxy clusters, cosmic microwave background, structure formation, surveys},
	year = 2002,
	volume = 40,
	pages = {643-680},
	doi = {10.1146/annurev.astro.40.060401.093803},
	adsurl = {http://adsabs.harvard.edu/abs/2002ARA%26A..40..643C},
	adsnote = {Provided by the SAO/NASA Astrophysics Data System}
}


@ARTICLE{Sunyaev_Zeldovich:SZE_forecast_original_paper,
	author = {{Sunyaev}, R.~A. and {Zeld'ovich}, Y.~B.},
	title = "{Small-Scale Fluctuations of Relic Radiation}",
	journal = {\apss},
	year = 1970,
	month = apr,
	volume = 7,
	pages = {3-19},
	doi = {10.1007/BF00653471},
	adsurl = {http://adsabs.harvard.edu/abs/1970Ap%26SS...7....3S},
	adsnote = {Provided by the SAO/NASA Astrophysics Data System}
}



@ARTICLE{sven,
	author = {{Erickson}, W.~C.},
	title = "{A Mechanism of Non-Thermal Radio-Noise Origin.}",
	journal = {\apj},
	year = 1957,
	month = nov,
	volume = 126,
	pages = {480},
	doi = {10.1086/146421},
	adsurl = {http://adsabs.harvard.edu/abs/1957ApJ...126..480E},
	adsnote = {Provided by the SAO/NASA Astrophysics Data System}
}


@ARTICLE{foregrounds,
	author = {{Planck Collaboration} and {Adam}, R. and {Ade}, P.~A.~R. and 
	{Aghanim}, N. and {Alves}, M.~I.~R. and {Arnaud}, M. and {Ashdown}, M. and 
	{Aumont}, J. and {Baccigalupi}, C. and {Banday}, A.~J. and et al.},
	title = "{Planck 2015 results. X. Diffuse component separation: Foreground maps}",
	journal = {\aap},
	archivePrefix = "arXiv",
	eprint = {1502.01588},
	keywords = {ISM: general, cosmology: observations, polarization, cosmic background radiation, diffuse radiation, Galaxy: general},
	year = 2016,
	month = sep,
	volume = 594,
	eid = {A10},
	pages = {A10},
	doi = {10.1051/0004-6361/201525967},
	adsurl = {http://adsabs.harvard.edu/abs/2016A%26A...594A..10P},
	adsnote = {Provided by the SAO/NASA Astrophysics Data System}
}

@ARTICLE{planck,
	author = {{Planck Collaboration} and {Adam}, R. and {Ade}, P.~A.~R. and 
	{Aghanim}, N. and {Akrami}, Y. and {Alves}, M.~I.~R. and {Arg{\"u}eso}, F. and 
	{Arnaud}, M. and {Arroja}, F. and {Ashdown}, M. and et al.},
	title = "{Planck 2015 results. I. Overview of products and scientific results}",
	journal = {\aap},
	archivePrefix = "arXiv",
	eprint = {1502.01582},
	keywords = {cosmology: observations, cosmic background radiation, surveys, space vehicles: instruments, instrumentation: detectors},
	year = 2016,
	month = sep,
	volume = 594,
	eid = {A1},
	pages = {A1},
	doi = {10.1051/0004-6361/201527101},
	adsurl = {http://adsabs.harvard.edu/abs/2016A%26A...594A...1P},
	adsnote = {Provided by the SAO/NASA Astrophysics Data System}
}


@ARTICLE{wmap,
	author = {{Spergel}, D.~N. and {Bean}, R. and {Dor{\'e}}, O. and {Nolta}, M.~R. and 
	{Bennett}, C.~L. and {Dunkley}, J. and {Hinshaw}, G. and {Jarosik}, N. and 
	{Komatsu}, E. and {Page}, L. and {Peiris}, H.~V. and {Verde}, L. and 
	{Halpern}, M. and {Hill}, R.~S. and {Kogut}, A. and {Limon}, M. and 
	{Meyer}, S.~S. and {Odegard}, N. and {Tucker}, G.~S. and {Weiland}, J.~L. and 
	{Wollack}, E. and {Wright}, E.~L.},
	title = "{Three-Year Wilkinson Microwave Anisotropy Probe (WMAP) Observations: Implications for Cosmology}",
	journal = {\apjs},
	eprint = {astro-ph/0603449},
	keywords = {Cosmology: Cosmic Microwave Background, Cosmology: Observations},
	year = 2007,
	month = jun,
	volume = 170,
	pages = {377-408},
	doi = {10.1086/513700},
	adsurl = {http://adsabs.harvard.edu/abs/2007ApJS..170..377S},
	adsnote = {Provided by the SAO/NASA Astrophysics Data System}
}


@ARTICLE{archeops,
	author = {{Beno{\i}{\circ}t}, A. and {Ade}, P. and {Amblard}, A. and {Ansari}, R. and 
	{Aubourg}, E. and {Bartlett}, J. and {Bernard}, J.-P. and {Bhatia}, R.~S. and 
	{Blanchard}, A. and {Bock}, J.~J. and {Boscaleri}, A. and {Bouchet}, F.~R. and 
	{Bourrachot}, A. and {Camus}, P. and {Couchot}, F. and {de Bernardis}, P. and 
	{Delabrouille}, J. and {D{\'e}sert}, F.-X. and {Dor{\'e}}, O. and 
	{Douspis}, M. and {Dumoulin}, L. and {Dupac}, X. and {Filliatre}, P. and 
	{Ganga}, K. and {Gannaway}, F. and {Gautier}, B. and {Giard}, M. and 
	{Giraud-H{\'e}raud}, Y. and {Gispert}, R. and {Guglielmi}, L. and 
	{Hamilton}, J.-C. and {Hanany}, S. and {Henrot-Versill{\'e}}, S. and 
	{Hristov}, V.~V. and {Kaplan}, J. and {Lagache}, G. and {Lamarre}, J.-M. and 
	{Lange}, A.~E. and {Madet}, K. and {Maffei}, B. and {Marrone}, D. and 
	{Masi}, S. and {Murphy}, J.~A. and {Naraghi}, F. and {Nati}, F. and 
	{Perrin}, G. and {Piat}, M. and {Puget}, J.-L. and {Santos}, D. and 
	{Sudiwala}, R.~V. and {Vanel}, J.-C. and {Vibert}, D. and {Wakui}, E. and 
	{Yvon}, D.},
	title = "{Archeops: a high resolution, large sky coverage balloon experiment for mapping cosmic microwave background anisotropies}",
	journal = {Astroparticle Physics},
	eprint = {astro-ph/0106152},
	year = 2002,
	month = may,
	volume = 17,
	pages = {101-124},
	doi = {10.1016/S0927-6505(01)00141-4},
	adsurl = {http://adsabs.harvard.edu/abs/2002APh....17..101B},
	adsnote = {Provided by the SAO/NASA Astrophysics Data System}
}

@ARTICLE{maxima,
	author = {{Lee}, A.~T. and {Ade}, P. and {Balbi}, A. and {Bock}, J. and 
	{Borrill}, J. and {Boscaleri}, A. and {de Bernardis}, P. and 
	{Ferreira}, P.~G. and {Hanany}, S. and {Hristov}, V.~V. and 
	{Jaffe}, A.~H. and {Mauskopf}, P.~D. and {Netterfield}, C.~B. and 
	{Pascale}, E. and {Rabii}, B. and {Richards}, P.~L. and {Smoot}, G.~F. and 
	{Stompor}, R. and {Winant}, C.~D. and {Wu}, J.~H.~P.},
	title = "{A High Spatial Resolution Analysis of the MAXIMA-1 Cosmic Microwave Background Anisotropy Data}",
	journal = {\apjl},
	eprint = {astro-ph/0104459},
	keywords = {Cosmology: Cosmic Microwave Background, Cosmology: Observations},
	year = 2001,
	month = nov,
	volume = 561,
	pages = {L1-L5},
	doi = {10.1086/324437},
	adsurl = {http://adsabs.harvard.edu/abs/2001ApJ...561L...1L},
	adsnote = {Provided by the SAO/NASA Astrophysics Data System}
}


@ARTICLE{boom,
	author = {{de Bernardis}, P. and {Ade}, P.~A.~R. and {Bock}, J.~J. and 
	{Bond}, J.~R. and {Borrill}, J. and {Boscaleri}, A. and {Coble}, K. and 
	{Crill}, B.~P. and {De Gasperis}, G. and {Farese}, P.~C. and 
	{Ferreira}, P.~G. and {Ganga}, K. and {Giacometti}, M. and {Hivon}, E. and 
	{Hristov}, V.~V. and {Iacoangeli}, A. and {Jaffe}, A.~H. and 
	{Lange}, A.~E. and {Martinis}, L. and {Masi}, S. and {Mason}, P.~V. and 
	{Mauskopf}, P.~D. and {Melchiorri}, A. and {Miglio}, L. and 
	{Montroy}, T. and {Netterfield}, C.~B. and {Pascale}, E. and 
	{Piacentini}, F. and {Pogosyan}, D. and {Prunet}, S. and {Rao}, S. and 
	{Romeo}, G. and {Ruhl}, J.~E. and {Scaramuzzi}, F. and {Sforna}, D. and 
	{Vittorio}, N.},
	title = "{A flat Universe from high-resolution maps of the cosmic microwave background radiation}",
	journal = {\nat},
	eprint = {astro-ph/0004404},
	year = 2000,
	month = apr,
	volume = 404,
	pages = {955-959},
	doi = {10.1038/35010035},
	adsurl = {http://adsabs.harvard.edu/abs/2000Natur.404..955D},
	adsnote = {Provided by the SAO/NASA Astrophysics Data System}
}


@ARTICLE{FIRAS,
	author = {{Mather}, J.~C. and {Fixsen}, D.~J. and {Shafer}, R.~A. and 
	{Mosier}, C. and {Wilkinson}, D.~T.},
	title = "{Calibrator Design for the COBE Far-Infrared Absolute Spectrophotometer (FIRAS)}",
	journal = {\apj},
	eprint = {astro-ph/9810373},
	keywords = {COSMOLOGY: COSMIC MICROWAVE BACKGROUND, COSMOLOGY: OBSERVATIONS, INSTRUMENTATION: SPECTROGRAPHS, Cosmology: Cosmic Microwave Background, Cosmology: Observations, Instrumentation: Spectrographs},
	year = 1999,
	month = feb,
	volume = 512,
	pages = {511-520},
	doi = {10.1086/306805},
	adsurl = {http://adsabs.harvard.edu/abs/1999ApJ...512..511M},
	adsnote = {Provided by the SAO/NASA Astrophysics Data System}
}


@ARTICLE{Bennett,
	author = {{Bennett}, C.~L. and {Halpern}, M. and {Hinshaw}, G. and {Jarosik}, N. and 
	{Kogut}, A. and {Limon}, M. and {Meyer}, S.~S. and {Page}, L. and 
	{Spergel}, D.~N. and {Tucker}, G.~S. and {Wollack}, E. and {Wright}, E.~L. and 
	{Barnes}, C. and {Greason}, M.~R. and {Hill}, R.~S. and {Komatsu}, E. and 
	{Nolta}, M.~R. and {Odegard}, N. and {Peiris}, H.~V. and {Verde}, L. and 
	{Weiland}, J.~L.},
	title = "{First-Year Wilkinson Microwave Anisotropy Probe (WMAP) Observations: Preliminary Maps and Basic Results}",
	journal = {\apjs},
	eprint = {astro-ph/0302207},
	keywords = {Cosmology: Cosmic Microwave Background, Cosmology: Observations, Cosmology: Dark Matter, Cosmology: Early Universe, Instrumentation: Detectors, Space Vehicles: Instruments},
	year = 2003,
	month = sep,
	volume = 148,
	pages = {1-27},
	doi = {10.1086/377253},
	adsurl = {http://adsabs.harvard.edu/abs/2003ApJS..148....1B},
	adsnote = {Provided by the SAO/NASA Astrophysics Data System}
}

@ARTICLE{Penzias_Wilson,
	author = {{Penzias}, A.~A. and {Wilson}, R.~W.},
	title = "{A Measurement of Excess Antenna Temperature at 4080 Mc/s.}",
	journal = {\apj},
	keywords = {Microwave Background, Cosmic Background Radiation},
	year = 1965,
	month = jul,
	volume = 142,
	pages = {419-421},
	doi = {10.1086/148307},
	adsurl = {http://adsabs.harvard.edu/abs/1965ApJ...142..419P},
	adsnote = {Provided by the SAO/NASA Astrophysics Data System}
}

@ARTICLE{HDPE,
	author = {{Koller}, D. and {Ediss}, G.~A. and {Mihaly}, L. and {Carr}, G.~L.
	},
	title = "{Infrared Measurements of Possible IR Filter Materials}",
	journal = {International Journal of Infrared and Millimeter Waves},
	year = 2006,
	volume = 27,
	doi = {10.1007/s10762-006-9121-8},
	adsurl = {http://adsabs.harvard.edu/abs/2006IJIMW..27..835K},
	adsnote = {Provided by the SAO/NASA Astrophysics Data System}
}


@online{notch,
	ALTeditor = {THORLABS},
	title = "{Notch Filters}",
	url = {https://www.thorlabs.de/newgrouppage9.cfm?objectgroup_id=3880},
}

@online{sron,
	ALTauthor = {Baselmans, J.},
	ALTeditor = {SRON},
	title = "{Kinetic Inductance Detectors}",
	url = {https://www.sron.nl/technology-kinetic-inductance-detectors},
}


@unpublished{elog,
	author = {{Catalano}, A.},
	title = {KISS experiment - ELOGS},
	date = {2017},
}


@ARTICLE{bilayer,
	author = {{Martinis}, J.~M. and {Hilton} and G.~C. and {Irwin}, K.~D. and {Wollman}, D.~A.},
	title = "{Calculation of T-c in a normal-superconductor bilayer using the microscopic-based Usadel theory}",
	journaltitle = {Nuclear Instruments and Methods in Physics Research},
	year = 2000,
	volume = 444A,
}

@ARTICLE{2013A&A...551L..12C,
	author = {{Calvo}, M. and {Roesch}, M. and {D{\'e}sert}, F.-X. and {Monfardini}, A. and 
	{Benoit}, A. and {Mauskopf}, P. and {Ade}, P. and {Boudou}, N. and 
	{Bourrion}, O. and {Camus}, P. and {Cruciani}, A. and {Doyle}, S. and 
	{Hoffmann}, C. and {Leclercq}, S. and {Macias-Perez}, J.~F. and 
	{Ponthieu}, N. and {Schuster}, K.~F. and {Tucker}, C. and {Vescovi}, C.
	},
	title = "{Improved mm-wave photometry for kinetic inductance detectors}",
	journal = {\aap},
	keywords = {instrumentation: detectors, methods: observational, telescopes, techniques: photometric},
	year = 2013,
	month = mar,
	volume = 551,
	eid = {L12},
	pages = {L12},
	doi = {10.1051/0004-6361/201219854},
	adsurl = {http://adsabs.harvard.edu/abs/2013A%26A...551L..12C},
	adsnote = {Provided by the SAO/NASA Astrophysics Data System}
}

@ARTICLE{Catalano2014,
	author = {{Catalano}, A. and {Calvo}, M. and {Ponthieu}, N. and {Adam}, R. and 
	{Adane}, A. and {Ade}, P. and {Andr{\'e}}, P. and {Beelen}, A. and 
	{Belier}, B. and {Beno{\^i}t}, A. and {Bideaud}, A. and {Billot}, N. and 
	{Boudou}, N. and {Bourrion}, O. and {Coiffard}, G. and {Comis}, B. and 
	{D'Addabbo}, A. and {D{\'e}sert}, F.-X. and {Doyle}, S. and 
	{Goupy}, J. and {Kramer}, C. and {Leclercq}, S. and {Mac{\'{\i}}as-P{\'e}rez}, J.~F. and 
	{Martino}, J. and {Mauskopf}, P. and {Mayet}, F. and {Monfardini}, A. and 
	{Pajot}, F. and {Pascale}, E. and {Perotto}, L. and {Rev{\'e}ret}, V. and 
	{Rodriguez}, L. and {Savini}, G. and {Schuster}, K. and {Sievers}, A. and 
	{Tucker}, C. and {Zylka}, R.},
	title = "{Performance and calibration of the NIKA camera at the IRAM 30 m telescope}",
	journal = {\aap},
	archivePrefix = "arXiv",
	eprint = {1402.0260},
	primaryClass = "astro-ph.IM",
	keywords = {methods: observational, submillimeter: general, submillimeter: galaxies, submillimeter: ISM},
	year = 2014,
	month = sep,
	volume = 569,
	eid = {A9},
	pages = {A9},
	doi = {10.1051/0004-6361/201423557},
	adsurl = {http://adsabs.harvard.edu/abs/2014A%26A...569A...9C},
	adsnote = {Provided by the SAO/NASA Astrophysics Data System}
}


@article{ID,
	author = {{Adane}, A. and {Coiffard}, G. and {Calvo}, M.},
	title = {Study of the behavior of cross-talk in Hilbert KID array using Sonnet software},
	journaltitle = {2014 11th International Workshop on Low Temperature Electronics (WOLTE) },
	date = {2014},
	OPTdoi = {10.1109/WOLTE.2014.6881031},
}


@article{speed,
	author = {{Schlaerth}, J. and {Golwala}, S. and {Zmuidzinas}, J.},
	title = {Sensitivity Optimization of Millimeter/Submillimeter MKID
	Camera Pixel Device Design},
	journaltitle = {LTD13},
	date = {2009},
}


@ARTICLE{2016JLTP..184...97P,
	author = {{Paiella}, A. and {Coppolecchia}, A. and {Castellano}, M.~G. and 
	{Colantoni}, I. and {Cruciani}, A. and {D'Addabbo}, A. and {de Bernardis}, P. and 
	{Masi}, S. and {Presta}, G.},
	title = "{Development of Lumped Element Kinetic Inductance Detectors for the W-Band}",
	journal = {Journal of Low Temperature Physics},
	archivePrefix = "arXiv",
	eprint = {1601.01466},
	primaryClass = "astro-ph.IM",
	keywords = {LEKIDs, W-band, CMB, SZ effect, Critical temperature},
	year = 2016,
	month = jul,
	volume = 184,
	pages = {97-102},
	doi = {10.1007/s10909-015-1470-z},
	adsurl = {http://adsabs.harvard.edu/abs/2016JLTP..184...97P},
	adsnote = {Provided by the SAO/NASA Astrophysics Data System}
}
@ARTICLE{Catalano_space,
	author = {{Catalano}, A. and {Goupy}, J. and {le Sueur}, H. and {Benoit}, A. and 
	{Bourrion}, O. and {Calvo}, M. and {D'addabbo}, A. and {Dumoulin}, L. and 
	{Levy-Bertrand}, F. and {Mac{\'{\i}}as-P{\'e}rez}, J. and {Marnieros}, S. and 
	{Ponthieu}, N. and {Monfardini}, A.},
	title = "{Bi-layer kinetic inductance detectors for space observations between 80-120 GHz}",
	journal = {\aap},
	archivePrefix = "arXiv",
	eprint = {1504.00281},
	primaryClass = "astro-ph.IM",
	keywords = {instrumentation: detectors, space vehicles: instruments, instrumentation: photometers, cosmic background radiation},
	year = 2015,
	month = aug,
	volume = 580,
	eid = {A15},
	pages = {A15},
	doi = {10.1051/0004-6361/201526206},
	adsurl = {http://adsabs.harvard.edu/abs/2015A%26A...580A..15C},
	adsnote = {Provided by the SAO/NASA Astrophysics Data System}
}
@ARTICLE{Goupy,
	author = {{Goupy}, J. and {Adane}, A. and {Benoit}, A. and {Bourrion}, O. and 
	{Calvo}, M. and {Catalano}, A. and {Coiffard}, G. and {Hoarau}, C. and 
	{Leclercq}, S. and {Le Sueur}, H. and {Macias-Perez}, J. and 
	{Monfardini}, A. and {Peck}, I. and {Schuster}, K.},
	title = "{Microfabrication Technology for Large Lekid Arrays: From Nika2 to Future Applications}",
	journal = {Journal of Low Temperature Physics},
	archivePrefix = "arXiv",
	eprint = {1601.03969},
	primaryClass = "astro-ph.IM",
	keywords = {Kinetic inductance detectors, Microfabrication, Large array},
	year = 2016,
	month = aug,
	volume = 184,
	pages = {661-667},
	doi = {10.1007/s10909-016-1531-y},
	adsurl = {http://adsabs.harvard.edu/abs/2016JLTP..184..661G},
	adsnote = {Provided by the SAO/NASA Astrophysics Data System}
}

@ARTICLE{Nello,
	author = {{D'Addabbo}, A. and {Adam}, R. and {Adane}, A. and {Ade}, P. and 
	{Andr{\'e}}, P. and {Beelen}, A. and {Belier}, B. and {Benoit}, A. and 
	{Bideaud}, A. and {Billot}, N. and {Bourrion}, O. and {Calvo}, M. and 
	{Catalano}, A. and {Coiffard}, G. and {Comis}, B. and {D{\'e}sert}, F.-X. and 
	{Doyle}, S. and {Goupy}, J. and {Kramer}, C. and {Leclercq}, S. and 
	{Macias-Perez}, J. and {Martino}, J. and {Mauskopf}, P. and 
	{Mayet}, F. and {Monfardini}, A. and {Pajot}, F. and {Pascale}, E. and 
	{Ponthieu}, N. and {Rev{\'e}ret}, V. and {Rodriguez}, L. and 
	{Savini}, G. and {Schuster}, K.~F. and {Sievers}, A. and {Tucker}, C. and 
	{Zylka}, R.},
	title = "{The NIKA instrument: results and perspectives towards a permanent KID based camera for the Pico Veleta observatory}",
	journal = {ArXiv e-prints},
	archivePrefix = "arXiv",
	eprint = {1312.4801},
	primaryClass = "astro-ph.IM",
	keywords = {Astrophysics - Instrumentation and Methods for Astrophysics},
	year = 2013,
	month = dec,
	adsurl = {http://adsabs.harvard.edu/abs/2013arXiv1312.4801D},
	adsnote = {Provided by the SAO/NASA Astrophysics Data System}
}
@online{ecco,
	ALTeditor = {Laird},
	title = {Microwave Absorber: ECCOSORB},
	date = {2017},
	url = {http://www.eccosorb.com/products-eccosorb-high-loss-absorbers.htm},

}
@unpublished{TESvsKID,
	author = {{Catalano},A.},
	title = {CMB@IN2P3 R&D work&Plan, 2017},
	date = {2017-07-04},

}

@unpublished{cosmo_obs,
	author = {{de Bernardis}, P.},
	title = {Observational Cosmology Course, 2016},
	date = {2016},
	OPTsubtitle = {subtitle},
	OPTtitleaddon = {titleaddon},
	OPTlanguage = {language},
	OPThowpublished = {howpublished},
	OPTnote = {note},
	OPTlocation = {location},
	OPTisbn = {isbn},
	OPTdate = {date},
	OPTmonth = {month},
	OPTyear = {year},
	OPTaddendum = {addendum},
	OPTpubstate = {pubstate},
	OPTurl = {url},
	OPTurldate = {urldate},
}


@ARTICLE{Tcmb,
	author = {{Fixsen}, D.~J.},
	title = "{The Temperature of the Cosmic Microwave Background}",
	journal = {\apj},
	archivePrefix = "arXiv",
	eprint = {0911.1955},
	keywords = {cosmic microwave background, cosmology: observations},
	year = 2009,
	month = dec,
	volume = 707,
	pages = {916-920},
	doi = {10.1088/0004-637X/707/2/916},
	adsurl = {http://adsabs.harvard.edu/abs/2009ApJ...707..916F},
	adsnote = {Provided by the SAO/NASA Astrophysics Data System}
}

@ARTICLE{mpi,
	author = {{Martin}, D.~H. and {Puplett}, E.},
	title = "{Polarised interferometric spectrometry for the millimeter and submillimeter spectrum.}",
	journal = {Infrared Physics},
	year = 1970,
	volume = 10,
	pages = {105-109},
	doi = {10.1016/0020-0891(70)90006-0},
	adsurl = {http://adsabs.harvard.edu/abs/1970InfPh..10..105M},
	adsnote = {Provided by the SAO/NASA Astrophysics Data System}
}

@ARTICLE{pdb,
	author = {{de Bernardis}, P. and {Colafrancesco}, S. and {D'Alessandro}, G. and 
	{Lamagna}, L. and {Marchegiani}, P. and {Masi}, S. and {Schillaci}, A.
	},
	title = "{Low-resolution spectroscopy of the Sunyaev-Zel'dovich effect and estimates of cluster parameters}",
	journal = {\aap},
	archivePrefix = "arXiv",
	eprint = {1111.4588},
	primaryClass = "astro-ph.CO",
	keywords = {techniques: spectroscopic, galaxies: clusters: intracluster medium, cosmic background radiation},
	year = 2012,
	month = feb,
	volume = 538,
	eid = {A86},
	pages = {A86},
	doi = {10.1051/0004-6361/201118062},
	adsurl = {http://adsabs.harvard.edu/abs/2012A%26A...538A..86D},
	adsnote = {Provided by the SAO/NASA Astrophysics Data System}
}


@ARTICLE{schillo,
	author = {{Schillaci}, A. and {D'Alessandro}, G. and {de Bernardis}, P. and 
	{Masi}, S. and {Paiva Novaes}, C. and {Gervasi}, M. and {Zannoni}, M.
	},
	title = "{Efficient differential Fourier-transform spectrometer for precision Sunyaev-Zel'dovich effect measurements}",
	journal = {\aap},
	archivePrefix = "arXiv",
	eprint = {1402.4091},
	primaryClass = "astro-ph.IM",
	keywords = {cosmic background radiation, instrumentation: spectrographs, techniques: spectroscopic, galaxies: clusters: general},
	year = 2014,
	month = may,
	volume = 565,
	eid = {A125},
	pages = {A125},
	doi = {10.1051/0004-6361/201423631},
	adsurl = {http://adsabs.harvard.edu/abs/2014A%26A...565A.125S},
	adsnote = {Provided by the SAO/NASA Astrophysics Data System}
}

@unpublished{silvio,
	author = {{D'Alessandro},G. and {de Bernardis}, P. and {Masi}, S. and {Di Tano}, S. and {Mele}, L. },
	title = {Beam splitter orientation shift in Martin-Puplett
	interferometer for spectroscopic measurement at
	millimeter wavelengths},
	date = {2017},
	OPTsubtitle = {subtitle},
	OPTtitleaddon = {titleaddon},
	OPTlanguage = {language},
	OPThowpublished = {howpublished},
	OPTnote = {note},
	OPTlocation = {location},
	OPTisbn = {isbn},
	OPTdate = {date},
	OPTmonth = {month},
	OPTyear = {year},
	OPTaddendum = {addendum},
	OPTpubstate = {pubstate},
	OPTurl = {url},
	OPTurldate = {urldate},
}


@INPROCEEDINGS{2014SPIE.9153E..02C,
	author = {{Catalano}, A. and {Adam}, R. and {Adane}, A. and {Ade}, P. and 
	{Andr{\'e}}, P. and {Beelen}, A. and {Belier}, B. and {Beno{\^i}t}, A. and 
	{Bideaud}, A. and {Billot}, N. and {Boudou}, N. and {Bourrion}, O. and 
	{Calvo}, M. and {Coiffard}, G. and {Comis}, B. and {D'Addabbo}, A. and 
	{D{\'e}sert}, F.-X. and {Doyle}, S. and {Goupy}, J. and {Kramer}, C. and 
	{Leclercq}, S. and {Mac{\'{\i}}as-P{\'e}rez}, J.-F. and {Martino}, J. and 
	{Mauskopf}, P. and {Mayet}, F. and {Monfardini}, A. and {Pajot}, F. and 
	{Pascale}, E. and {Perotto}, L. and {Pointecouteau}, E. and 
	{Ponthieu}, N. and {Rev{\'e}ret}, V. and {Ritacco}, A. and {Rodriguez}, L. and 
	{Savini}, G. and {Schuster}, K. and {Sievers}, A. and {Tucker}, C. and 
	{Zylka}, R.},
	title = "{The NIKA 2013-2014 observation campaigns: control of systematic effects and results}",
	booktitle = {Millimeter, Submillimeter, and Far-Infrared Detectors and Instrumentation for Astronomy VII},
	year = 2014,
	series = {\procspie},
	volume = 9153,
	archivePrefix = "arXiv",
	eprint = {1409.0640},
	primaryClass = "astro-ph.IM",
	month = jul,
	eid = {915302},
	pages = {915302},
	doi = {10.1117/12.2055403},
	adsurl = {http://adsabs.harvard.edu/abs/2014SPIE.9153E..02C},
	adsnote = {Provided by the SAO/NASA Astrophysics Data System}
}

@unpublished{KISS_telecon,
	author = {{Catalano}, A.},
	title = {Kid Imager-Spectrometer Survey, Coupling KISS with QUIJOTE Telescope},
	date = {03 March 2017},
	OPTsubtitle = {KISS Telecon},
	OPTtitleaddon = {titleaddon},
	OPTlanguage = {language},
	OPThowpublished = {howpublished},
	OPTnote = {note},
	OPTlocation = {location},
	OPTisbn = {isbn},
	OPTdate = {date},
	OPTmonth = {month},
	OPTyear = {year},
	OPTaddendum = {addendum},
	OPTpubstate = {pubstate},
	OPTurl = {url},
	OPTurldate = {urldate},
}

@unpublished{HELFA,
	author = {{Calvo}, M.},
	title = {Point sur les activité du groupe NAI (Néel Astrophysics Instrumentation), 2017},
	date = {17 May 2017},
	OPTsubtitle = {},
	OPTtitleaddon = {titleaddon},
	OPTlanguage = {language},
	OPThowpublished = {howpublished},
	OPTnote = {note},
	OPTlocation = {location},
	OPTisbn = {isbn},
	OPTdate = {date},
	OPTmonth = {month},
	OPTyear = {year},
	OPTaddendum = {addendum},
	OPTpubstate = {pubstate},
	OPTurl = {url},
	OPTurldate = {urldate},
}


@book{Pozar,
	author = {{Pozar},D.~M.},
	title = {Microwave Engineering 3rd ed.},
	date = {2005},
}



@thesis{Paiella,
	author = {{Paiella}, A.},
	title = {Development of Lumped Element Kinetic Inductance Detectors for measurements of the Cosmic Microwave Background},
	type = {Ph.D. Thesis},
	institution = {Sapienza, Università di Roma},
	date = {2016/2017},
}

@thesis{Gao,
	author = {{Gao}, },
	title = {},
	type = {Ph.D. Thesis},
	institution = {},
	date = {},
}

@report{KISS_proposal2,
	author = {{Pérez}, J. M. and {Driessen}, E. and {Monfardini}, A. },
	title = {KISS proposal, DMM-LTC-2016-AM_JFMP},
	type = {FOCUS - Appel d'offres automne 2016},
	institution = {},
	date = {2016},
	OPTsubtitle = {FOCUS - Appel d'offres automne 2016},
	OPTtitleaddon = {titleaddon},
}

@report{KISS_proposal,
	author = {{Catalano}, A. and {Monfardini}, A. and {Driessen}, E. },
	title = {KISS proposal, DMM-LTC-2016-JMP},
	type = {FOCUS - Appel d'offres automne 2016},
	institution = {},
	date = {2016},
	OPTsubtitle = {FOCUS - Appel d'offres automne 2016},
	OPTtitleaddon = {titleaddon},
}


@INPROCEEDINGS{QUIJOTE,
	author = {{Gomez}, A. and {Murga}, G. and {Etxeita}, B. and {Sanquirce}, R. and 
	{Rebolo}, R. and {Rubi{\~n}o-Martin}, J.~A. and {Herreros}, J.-M. and 
	{Hoyland}, R. and {Gomez}, F. and {G{\'e}nova-Santos}, R.~T. and 
	{Piccirillo}, L. and {Maffei}, B. and {Watson}, R.},
	title = "{QUIJOTE telescope design and fabrication}",
	booktitle = {Ground-based and Airborne Telescopes III},
	year = 2010,
	series = {\procspie},
	volume = 7733,
	month = jul,
	eid = {77330Z},
	pages = {77330Z},
	doi = {10.1117/12.857286},
	adsurl = {http://adsabs.harvard.edu/abs/2010SPIE.7733E..0ZG},
	adsnote = {Provided by the SAO/NASA Astrophysics Data System}
}

@INPROCEEDINGS{PIXIE,
	author = {{Kogut}, A. and {Chluba}, J. and {Fixsen}, D.~J. and {Meyer}, S. and 
	{Spergel}, D.},
	title = "{The Primordial Inflation Explorer (PIXIE)}",
	booktitle = {Space Telescopes and Instrumentation 2016: Optical, Infrared, and Millimeter Wave},
	year = 2016,
	series = {\procspie},
	volume = 9904,
	month = jul,
	eid = {99040W},
	pages = {99040W},
	doi = {10.1117/12.2231090},
	adsurl = {http://adsabs.harvard.edu/abs/2016SPIE.9904E..0WK},
	adsnote = {Provided by the SAO/NASA Astrophysics Data System}
}

@article{Zmuidzinas,
	author = {{Zmuidzinas}, J.},
	title = {Superconducting Microresonators: Physics and Applications},
	journaltitle = {The Annual Review of Condensed Matter Physics},
	date = {2012},
	OPTtranslator = {translator},
	OPTannotator = {annotator},
	OPTcommentator = {commentator},
	OPTsubtitle = {subtitle},
	OPTtitleaddon = {titleaddon},
	OPTeditor = {editor},
	OPTeditora = {editora},
	OPTeditorb = {editorb},
	OPTeditorc = {editorc},
	OPTjournalsubtitle = {journalsubtitle},
	OPTissuetitle = {issuetitle},
	OPTissuesubtitle = {issuesubtitle},
	OPTlanguage = {language},
	OPToriglanguage = {origlanguage},
	OPTseries = {series},
	OPTvolume = {3},
	OPTnumber = {number},
	OPTeid = {eid},
	OPTissue = {issue},
	OPTmonth = {month},
	OPTpages = {169-214},
	OPTversion = {version},
	OPTnote = {note},
	OPTissn = {issn},
	OPTaddendum = {addendum},
	OPTpubstate = {pubstate},
	OPTdoi = {doi},
	OPTeprint = {eprint},
	OPTeprintclass = {eprintclass},
	OPTeprinttype = {eprinttype},
	OPTurl = {url},
	OPTurldate = {urldate},
}


@thesis{Doyle_Thesis_PhD,
	author = {{Doyle}, S.},
	title = {Lumped Element Kinetic Inductance
	Detectors},
	type = {Ph.D.},
	institution = {Cardiff University},
	date = {April 2008},
	OPTsubtitle = {subtitle},
	OPTtitleaddon = {titleaddon},
	OPTlanguage = {language},
	OPTnote = {note},
	OPTlocation = {location},
	OPTmonth = {month},
	OPTisbn = {isbn},
	OPTchapter = {chapter},
	OPTpages = {pages},
	OPTpagetotal = {pagetotal},
	OPTaddendum = {addendum},
	OPTpubstate = {pubstate},
	OPTdoi = {doi},
	OPTeprint = {eprint},
	OPTeprintclass = {eprintclass},
	OPTeprinttype = {eprinttype},
	OPTurl = {url},
	OPTurldate = {urldate},
}

@INPROCEEDINGS{2007stt..conf..170D,
	author = {{Doyle}, S. and {Naylon}, J. and {Mauskopf}, P. and {Porch}, A. and 
	{Dunscombe}, C.},
	title = "{Lumped Element Kinetic Inductance Detectors}",
	booktitle = {Eighteenth International Symposium on Space Terahertz Technology},
	year = 2007,
	editor = {{Karpov}, A.},
	pages = {170},
	adsurl = {http://adsabs.harvard.edu/abs/2007stt..conf..170D},
	adsnote = {Provided by the SAO/NASA Astrophysics Data System}
}

@thesis{Coppo_PhD,
	author = {{Coppolecchia}, A.},
	title = {Cryogenic detectors for sub-millimiter and
	millimiter wave astronomy},
	type = {Ph.D.},
	institution = {Sapienza, Università di Roma},
	date = {date},
	OPTsubtitle = {subtitle},

}

@thesis{Giordano,
	author = {{Giordano}, C.},
	title = {MKID arrays: panoramic detectors for
	CMB experiments},
	type = {Ph.D.},
	institution = {Sapienza, Università di Roma},
	date = {October 2009},

}

@thesis{DAddabbo_PhD,
	author = {{D'Addabbo}, A.},
	title = {Applications of Kinetic Inductance Detectors
	to Astronomy and Particle Physics},
	type = {Ph.D.},
	institution = {Universitè Joseph Fourier and Sapienza Università},
	date = {September 2014},
	OPTsubtitle = {subtitle},
	OPTtitleaddon = {titleaddon},
	OPTlanguage = {language},
	OPTnote = {note},
	OPTlocation = {location},
	OPTmonth = {month},
	OPTisbn = {isbn},
	OPTchapter = {chapter},
	OPTpages = {pages},
	OPTpagetotal = {pagetotal},
	OPTaddendum = {addendum},
	OPTpubstate = {pubstate},
	OPTdoi = {doi},
	OPTeprint = {eprint},
	OPTeprintclass = {eprintclass},
	OPTeprinttype = {eprinttype},
	OPTurl = {url},
	OPTurldate = {urldate},
}

@ARTICLE{2013Cryo...55...63M,
   author = {{Melhuish}, S.~J. and {Martinis}, L. and {Piccirillo}, L.},
    title = "{A tiltable single-shot miniature dilution refrigerator for astrophysical applications}",
  journal = {Cryogenics},
archivePrefix = "arXiv",
   eprint = {1212.2085},
 primaryClass = "astro-ph.IM",
     year = 2013,
    month = may,
   volume = 55,
    pages = {63-67},
      doi = {10.1016/j.cryogenics.2013.03.002},
   adsurl = {http://adsabs.harvard.edu/abs/2013Cryo...55...63M},
  adsnote = {Provided by the SAO/NASA Astrophysics Data System}
}

@INPROCEEDINGS{deshima,
       author = {{Endo}, A. and {Baselmans}, J.~J.~A. and {van der Werf}, P.~P. and
         {Knoors}, B. and {Javadzadeh}, S.~M.~H. and {Yates}, S.~J.~C. and
         {Thoen}, D.~J. and {Ferrari}, L. and {Baryshev}, A.~M. and
         {Lankwarden}, Y.~J.~Y. and {de Visser}, P.~J. and {Janssen}, R.~M.~J. and
         {Klapwijk}, T.~M.},
        title = "{Development of DESHIMA: a redshift machine based on a superconducting on-chip filterbank}",
    booktitle = {\procspie},
         year = "2012",
       series = {Society of Photo-Optical Instrumentation Engineers (SPIE) Conference Series},
       volume = {8452},
        month = "Sep",
          eid = {84520X},
        pages = {84520X},
          doi = {10.1117/12.925637},
       adsurl = {https://ui.adsabs.harvard.edu/abs/2012SPIE.8452E..0XE},
      adsnote = {Provided by the SAO/NASA Astrophysics Data System}
}

@INPROCEEDINGS{grating,
   author = {{Li}, C.-T. and {Bradford}, C.~M. and {Crites}, A. and {Hunacek}, J. and 
	{Wei}, T. and {Cheng}, J.-C. and {Chang}, T.-C. and {Bock}, J.
	},
    title = "{TIME millimeter wave grating spectrometer}",
booktitle = {Millimeter, Submillimeter, and Far-Infrared Detectors and Instrumentation for Astronomy IX},
     year = 2018,
   series = {Society of Photo-Optical Instrumentation Engineers (SPIE) Conference Series},
   volume = 10708,
    month = jul,
      eid = {107083F},
    pages = {107083F},
      doi = {10.1117/12.2311415},
   adsurl = {https://ui.adsabs.harvard.edu/abs/2018SPIE10708E..3FL},
  adsnote = {Provided by the SAO/NASA Astrophysics Data System}
}

@INPROCEEDINGS{mustang,
   author = {{Dicker}, S.~R. and {Korngut}, P.~M. and {Mason}, B.~S. and 
	{Ade}, P.~A.~R. and {Aguirre}, J. and {Ames}, T.~J. and {Benford}, D.~J. and 
	{Chen}, T.~C. and {Chervenak}, J.~A. and {Cotton}, W.~D. and 
	{Devlin}, M.~J. and {Figueroa-Feliciano}, E. and {Irwin}, K.~D. and 
	{Maher}, S. and {Mello}, M. and {Moseley}, S.~H. and {Tally}, D.~J. and 
	{Tucker}, C. and {White}, S.~D.},
    title = "{MUSTANG: 90 GHz science with the Green Bank Telescope}",
booktitle = {Millimeter and Submillimeter Detectors and Instrumentation for Astronomy IV},
     year = 2008,
   series = {\procspie},
   volume = 7020,
archivePrefix = "arXiv",
   eprint = {0907.1306},
 primaryClass = "astro-ph.IM",
    month = aug,
      eid = {702005},
    pages = {702005},
      doi = {10.1117/12.788361},
   adsurl = {https://ui.adsabs.harvard.edu/abs/2008SPIE.7020E..05D},
  adsnote = {Provided by the SAO/NASA Astrophysics Data System}
}

@ARTICLE{bolocam,
   author = {{Mroczkowski}, T. and {Dicker}, S. and {Sayers}, J. and {Reese}, E.~D. and 
	{Mason}, B. and {Czakon}, N. and {Romero}, C. and {Young}, A. and 
	{Devlin}, M. and {Golwala}, S. and {Korngut}, P. and {Sarazin}, C. and 
	{Bock}, J. and {Koch}, P.~M. and {Lin}, K.-Y. and {Molnar}, S.~M. and 
	{Pierpaoli}, E. and {Umetsu}, K. and {Zemcov}, M.},
    title = "{A Multi-wavelength Study of the Sunyaev-Zel'dovich Effect in the Triple-merger Cluster MACS J0717.5+3745 with MUSTANG and Bolocam}",
  journal = {\apj},
archivePrefix = "arXiv",
   eprint = {1205.0052},
 keywords = {cosmic background radiation, cosmology: observations, X-rays: galaxies: clusters, X-rays: general},
     year = 2012,
    month = dec,
   volume = 761,
      eid = {47},
    pages = {47},
      doi = {10.1088/0004-637X/761/1/47},
   adsurl = {https://ui.adsabs.harvard.edu/abs/2012ApJ...761...47M},
  adsnote = {Provided by the SAO/NASA Astrophysics Data System}
}


@ARTICLE{olimpo,
   author = {{Paiella}, A. and {Coppolecchia}, A. and {Lamagna}, L. and {Ade}, P.~A.~R. and 
	{Battistelli}, E.~S. and {Castellano}, M.~G. and {Colantoni}, I. and 
	{Columbro}, F. and {D'Alessandro}, G. and {de Bernardis}, P. and 
	{Gordon}, S. and {Masi}, S. and {Mauskopf}, P. and {Pettinari}, G. and 
	{Piacentini}, F. and {Pisano}, G. and {Presta}, G. and {Tucker}, C.
	},
    title = "{Kinetic inductance detectors for the OLIMPO experiment: design and pre-flight characterization}",
  journal = {\jcap},
archivePrefix = "arXiv",
   eprint = {1810.00598},
 primaryClass = "astro-ph.IM",
     year = 2019,
    month = jan,
   volume = 1,
      eid = {039},
    pages = {039},
      doi = {10.1088/1475-7516/2019/01/039},
   adsurl = {https://ui.adsabs.harvard.edu/abs/2019JCAP...01..039P},
  adsnote = {Provided by the SAO/NASA Astrophysics Data System}
}

@ARTICLE{nika2,
   author = {{Adam}, R. and {Adane}, A. and {Ade}, P.~A.~R. and {Andr{\'e}}, P. and 
	{Andrianasolo}, A. and {Aussel}, H. and {Beelen}, A. and {Beno{\^i}t}, A. and 
	{Bideaud}, A. and {Billot}, N. and {Bourrion}, O. and {Bracco}, A. and 
	{Calvo}, M. and {Catalano}, A. and {Coiffard}, G. and {Comis}, B. and 
	{De Petris}, M. and {D{\'e}sert}, F.-X. and {Doyle}, S. and 
	{Driessen}, E.~F.~C. and {Evans}, R. and {Goupy}, J. and {Kramer}, C. and 
	{Lagache}, G. and {Leclercq}, S. and {Leggeri}, J.-P. and {Lestrade}, J.-F. and 
	{Mac{\'{\i}}as-P{\'e}rez}, J.~F. and {Mauskopf}, P. and {Mayet}, F. and 
	{Maury}, A. and {Monfardini}, A. and {Navarro}, S. and {Pascale}, E. and 
	{Perotto}, L. and {Pisano}, G. and {Ponthieu}, N. and {Rev{\'e}ret}, V. and 
	{Rigby}, A. and {Ritacco}, A. and {Romero}, C. and {Roussel}, H. and 
	{Ruppin}, F. and {Schuster}, K. and {Sievers}, A. and {Triqueneaux}, S. and 
	{Tucker}, C. and {Zylka}, R.},
    title = "{The NIKA2 large-field-of-view millimetre continuum camera for the 30 m IRAM telescope}",
  journal = {\aap},
archivePrefix = "arXiv",
   eprint = {1707.00908},
 primaryClass = "astro-ph.IM",
 keywords = {instrumentation: detectors, instrumentation: photometers, instrumentation: polarimeters, submillimeter: ISM, submillimeter: galaxies, cosmic background radiation},
     year = 2018,
    month = jan,
   volume = 609,
      eid = {A115},
    pages = {A115},
      doi = {10.1051/0004-6361/201731503},
   adsurl = {https://ui.adsabs.harvard.edu/abs/2018A%26A...609A.115A},
  adsnote = {Provided by the SAO/NASA Astrophysics Data System}
}
