@ARTICLE{2008ApPhL..93m4102G,
   author = {{Grabovskij}, G.~J. and {Swenson}, L.~J. and {Buisson}, O. and 
	{Hoffmann}, C. and {Monfardini}, A. and {Vill{\'e}gier}, J.-C.
	},
    title = "{In situ measurement of the permittivity of helium using microwave NbN resonators}",
  journal = {Applied Physics Letters},
archivePrefix = "arXiv",
   eprint = {0809.4919},
 primaryClass = "cond-mat.other",
 keywords = {Permittivity},
     year = 2008,
    month = sep,
   volume = 93,
   number = 13,
      eid = {134102},
    pages = {134102},
      doi = {10.1063/1.2996263},
   adsurl = {http://adsabs.harvard.edu/abs/2008ApPhL..93m4102G},
  adsnote = {Provided by the SAO/NASA Astrophysics Data System}
}

%@ARTICLE{2014A&A...569A...9C,
%   author = {{Catalano}, A. and {Calvo}, M. and {Ponthieu}, N. and {Adam}, R. and 
%	{Adane}, A. and {Ade}, P. and {Andr{\'e}}, P. and {Beelen}, A. and 
%	{Belier}, B. and {Beno{\^i}t}, A. and {Bideaud}, A. and {Billot}, N. and 
%	{Boudou}, N. and {Bourrion}, O. and {Coiffard}, G. and {Comis}, B. and 
%	{D'Addabbo}, A. and {D{\'e}sert}, F.-X. and {Doyle}, S. and 
%	{Goupy}, J. and {Kramer}, C. and {Leclercq}, S. and {Mac{\'{\i}}as-P{\'e}rez}, J.~F. and 
%	{Martino}, J. and {Mauskopf}, P. and {Mayet}, F. and {Monfardini}, A. and 
%	{Pajot}, F. and {Pascale}, E. and {Perotto}, L. and {Rev{\'e}ret}, V. and 
%	{Rodriguez}, L. and {Savini}, G. and {Schuster}, K. and {Sievers}, A. and 
%	{Tucker}, C. and {Zylka}, R.},
%    title = "{Performance and calibration of the NIKA camera at the IRAM 30 m telescope}",
%  journal = {\aap},
%archivePrefix = "arXiv",
%   eprint = {1402.0260},
% primaryClass = "astro-ph.IM",
% keywords = {methods: observational, submillimeter: general, submillimeter: galaxies, submillimeter: ISM},
%     year = 2014,
%    month = sep,
%   volume = 569,
%      eid = {A9},
%    pages = {A9},
%      doi = {10.1051/0004-6361/201423557},
%   adsurl = {http://adsabs.harvard.edu/abs/2014A%26A...569A...9C},
%  adsnote = {Provided by the SAO/NASA Astrophysics Data System}
%}


