@ARTICLE{NIKA_2010,
   author = {{Monfardini}, A. and {Swenson}, L.~J. and {Bideaud}, A. and 
	{D{\'e}sert}, F.~X. and {Yates}, S.~J.~C. and {Benoit}, A. and 
	{Baryshev}, A.~M. and {Baselmans}, J.~J.~A. and {Doyle}, S. and 
	{Klein}, B. and {Roesch}, M. and {Tucker}, C. and {Ade}, P. and 
	{Calvo}, M. and {Camus}, P. and {Giordano}, C. and {Guesten}, R. and 
	{Hoffmann}, C. and {Leclercq}, S. and {Mauskopf}, P. and {Schuster}, K.~F.},
    title = "{NIKA: A millimeter-wave kinetic inductance camera}",
  journal = {\aap},
archivePrefix = "arXiv",
   eprint = {1004.2209},
 primaryClass = "astro-ph.IM",
 keywords = {instrumentation: detectors, submillimeter: general},
     year = 2010,
    month = oct,
   volume = 521,
      eid = {A29},
    pages = {A29},
      doi = {10.1051/0004-6361/201014727},
   adsurl = {http://adsabs.harvard.edu/abs/2010A%26A...521A..29M},
  adsnote = {Provided by the SAO/NASA Astrophysics Data System}
}

@ARTICLE{NIKA_2011,
   author = {{Monfardini}, A. and {Benoit}, A. and {Bideaud}, A. and {Swenson}, L.~J. and 
	{Cruciani}, A. and {Camus}, P. and {Hoffmann}, C. and {D{\'e}sert}, F.~X. and 
	{Doyle}, S. and {Ade}, P. and {Mauskopf}, P. and {Tucker}, C. and 
	{Roesch}, M. and {Leclercq}, S. and {Schuster}, K.~F. and {Endo}, A. and 
	{Baryshev}, A. and {Baselmans}, J.~J.~A. and {Ferrari}, L. and 
	{Yates}, S.~J.~C. and {Bourrion}, O. and {Macias-Perez}, J. and 
	{Vescovi}, C. and {Calvo}, M. and {Giordano}, C.},
    title = "{A Dual-band Millimeter-wave Kinetic Inductance Camera for the IRAM 30 m Telescope}",
  journal = {\apjs},
archivePrefix = "arXiv",
   eprint = {1102.0870},
 primaryClass = "astro-ph.IM",
 keywords = {instrumentation: detectors, radio continuum: galaxies, radio continuum: general, submillimeter: galaxies, submillimeter: general, techniques: miscellaneous},
     year = 2011,
    month = jun,
   volume = 194,
      eid = {24},
    pages = {24},
      doi = {10.1088/0067-0049/194/2/24},
   adsurl = {http://adsabs.harvard.edu/abs/2011ApJS..194...24M},
  adsnote = {Provided by the SAO/NASA Astrophysics Data System}
}

 @ARTICLE{gismo,
   author = {{Staguhn}, J. and {Allen}, C. and {Benford}, D. and {Sharp}, E. and 
	{Ames}, T. and {Arendt}, R. and {Chuss}, D. and {Dwek}, E. and 
	{Kovacs}, A. and {Maher}, S. and {Marx}, C. and {Miller}, T. and 
	{Moseley}, S.~H. and {Navarro}, S. and {Sievers}, A. and {Voellmer}, G. and 
	{Wollack}, E.},
    title = "{GISMO, a 2 mm Bolometer Camera Optimized for the Study of High Redshift Galaxies}",
  journal = {Journal of Low Temperature Physics},
     year = 2008,
    month = may,
   volume = 151,
    pages = {709-714},
      doi = {10.1007/s10909-008-9733-6},
   adsurl = {http://adsabs.harvard.edu/abs/2008JLTP..151..709S},
  adsnote = {Provided by the SAO/NASA Astrophysics Data System}
}

@ARTICLE{day2003,
   author = {{Day}, P.~K. and {LeDuc}, H.~G. and {Mazin}, B.~A. and {Vayonakis}, A. and 
	{Zmuidzinas}, J.},
    title = "{A broadband superconducting detector suitable for use in large arrays}",
  journal = {\nat},
     year = 2003,
    month = oct,
   volume = 425,
    pages = {817-821},
      doi = {10.1038/nature02037},
   adsurl = {http://adsabs.harvard.edu/abs/2003Natur.425..817D},
  adsnote = {Provided by the SAO/NASA Astrophysics Data System}
}


@article{2013arXiv1310.6237A,
      author         = "Adam, R. and Comis, B. and Macias-Perez, J.F. and
                        Adane, A. and Ade, P. and others",
      title          = "{First observation of the thermal Sunyaev-Zel'dovich
                        effect with Kinetic Inductance Detectors}",
      year           = "2013",
      eprint         = "1310.6237",
      archivePrefix  = "arXiv",
      primaryClass   = "astro-ph.CO",
      SLACcitation   = "%%CITATION = ARXIV:1310.6237;%%",
}

@ARTICLE{1992ApJ...392..602G,
   author = {{Garden}, R.~P. and {Carlstrom}, J.~E.},
    title = "{High-velocity HCO(+) emission associated with the DR 21 molecular outflow}",
  journal = {\apj},
 keywords = {EMISSION SPECTRA, FORMYL IONS, INTERSTELLAR MATTER, MOLECULAR CLOUDS, H II REGIONS, HYDROGEN, MILKY WAY GALAXY, STAR FORMATION, STELLAR LUMINOSITY, STELLAR WINDS},
     year = 1992,
    month = jun,
   volume = 392,
    pages = {602-615},
      doi = {10.1086/171460},
   adsurl = {http://adsabs.harvard.edu/abs/1992ApJ...392..602G},
  adsnote = {Provided by the SAO/NASA Astrophysics Data System}
}

@ARTICLE{1991ApJ...374..540G,
   author = {{Garden}, R.~P. and {Hayashi}, M. and {Hasegawa}, T. and {Gatley}, I. and 
	{Kaifu}, N.},
    title = "{A spectroscopic study of the DR 21 outflow source. III - The CO line emission}",
  journal = {\apj},
 keywords = {ASTRONOMICAL SPECTROSCOPY, CARBON ISOTOPES, CARBON MONOXIDE, EMISSION SPECTRA, LINE SPECTRA, ANGULAR RESOLUTION, HIGH RESOLUTION, HYDROGEN RECOMBINATIONS},
     year = 1991,
    month = jun,
   volume = 374,
    pages = {540-554},
      doi = {10.1086/170143},
   adsurl = {http://adsabs.harvard.edu/abs/1991ApJ...374..540G},
  adsnote = {Provided by the SAO/NASA Astrophysics Data System}
}

@ARTICLE{1991ApJ...366..474G,
   author = {{Garden}, R.~P. and {Geballe}, T.~R. and {Gatley}, I. and {Nadeau}, D.
	},
    title = "{A spectroscopic study of the DR 21 outflow source. II - The vibrational H2 line emission}",
  journal = {\apj},
 keywords = {H LINES, INTERSTELLAR GAS, MOLECULAR CLOUDS, NEBULAE, PRE-MAIN SEQUENCE STARS, ASTRONOMICAL SPECTROSCOPY, HYDROGEN CLOUDS, INTERSTELLAR EXTINCTION},
     year = 1991,
    month = jan,
   volume = 366,
    pages = {474-483},
      doi = {10.1086/169582},
   adsurl = {http://adsabs.harvard.edu/abs/1991ApJ...366..474G},
  adsnote = {Provided by the SAO/NASA Astrophysics Data System}
}

@ARTICLE{1982ApJ...261..550C,
   author = {{Campbell}, M.~F. and {Niles}, D. and {Nawfel}, R. and {Hawrylycz}, M. and 
	{Hoffmann}, W.~F. and {Thronson}, Jr., H.~A.},
    title = "{Far-infrared sources in Cygnus X - an extended emission complex at DR 21 and unresolved sources at S106 and ON 2}",
  journal = {\apj},
 keywords = {FAR INFRARED RADIATION, INFRARED ASTRONOMY, INTERSTELLAR MATTER, X RAY SOURCES, ASTRONOMICAL CATALOGS, ASTRONOMICAL MAPS, COSMIC DUST, EMISSION SPECTRA},
     year = 1982,
    month = oct,
   volume = 261,
    pages = {550-557},
      doi = {10.1086/160365},
   adsurl = {http://adsabs.harvard.edu/abs/1982ApJ...261..550C},
  adsnote = {Provided by the SAO/NASA Astrophysics Data System}
}

@ARTICLE{2005A&A...440..909H,
   author = {{Hily-Blant}, P. and {Teyssier}, D. and {Philipp}, S. and {G{\"u}sten}, R.
	},
    title = "{Velocity field and star formation in the Horsehead nebula}",
  journal = {\aap},
 keywords = {ISM: clouds, ISM: kinematics, and dynamics, ISM: individual objects: Horsehead nebula, stars: formation, radio lines: ISM},
     year = 2005,
    month = sep,
   volume = 440,
    pages = {909-919},
      doi = {10.1051/0004-6361:20041733},
   adsurl = {http://adsabs.harvard.edu/abs/2005A%26A...440..909H},
  adsnote = {Provided by the SAO/NASA Astrophysics Data System}
}


@INPROCEEDINGS{1992ESASP.356..207K,
   author = {{Kreysa}, E.},
    title = "{Submm/FIR bolometers}",
 keywords = {BOLOMETERS, FAR INFRARED RADIATION, SUBMILLIMETER WAVES, TECHNOLOGY ASSESSMENT, CONTINUOUS RADIATION, DESIGN ANALYSIS, DETECTION, MAPPING},
booktitle = {Photon Detectors for Space Instrumentation},
     year = 1992,
   series = {ESA Special Publication},
   volume = 356,
   editor = {{Guyenne}, T.~D. and {Hunt}, J.},
    month = dec,
    pages = {207-210},
   adsurl = {http://adsabs.harvard.edu/abs/1992ESASP.356..207K},
  adsnote = {Provided by the SAO/NASA Astrophysics Data System}
}

@ARTICLE{1974MNRAS.166..305H,
   author = {{Hargrave}, P.~J. and {Ryle}, M.},
    title = "{Observations of Cygnus A with the 5-km radio telescope.}",
  journal = {\mnras},
     year = 1974,
    month = feb,
   volume = 166,
    pages = {305-327},
   adsurl = {http://adsabs.harvard.edu/abs/1974MNRAS.166..305H},
  adsnote = {Provided by the SAO/NASA Astrophysics Data System}
}

@BOOK{1996cyga.book.....C,
   author = {{Carilli}, C.~L. and {Harris}, D.~E.},
    title = "{Cygnus A -- Study of a Radio Galaxy}",
booktitle = {Cygnus A -- Studay of a Radio Galaxy},
     year = 1996,
    month = jul,
   adsurl = {http://adsabs.harvard.edu/abs/1996cyga.book.....C},
  adsnote = {Provided by the SAO/NASA Astrophysics Data System}
}

@INPROCEEDINGS{2005IAUS..227..151M,
   author = {{Motte}, F. and {Bontemps}, S. and {Schilke}, P. and {Lis}, D.~C. and 
	{Schneider}, N. and {Menten}, K.~M.},
    title = "{The earliest phases of massive star formation within entire molecular cloud complexes}",
booktitle = {Massive Star Birth: A Crossroads of Astrophysics},
     year = 2005,
   series = {IAU Symposium},
   volume = 227,
   editor = {{Cesaroni}, R. and {Felli}, M. and {Churchwell}, E. and {Walmsley}, M.
	},
    pages = {151-156},
      doi = {10.1017/S1743921305004473},
   adsurl = {http://adsabs.harvard.edu/abs/2005IAUS..227..151M},
  adsnote = {Provided by the SAO/NASA Astrophysics Data System}
}

@ARTICLE{1977A&AS...30..145G,
   author = {{Genzel}, R. and {Downes}, D.},
    title = "{H$_{2}$O in the Galaxy: sites of newly formed OB stars.}",
  journal = {\aaps},
     year = 1977,
    month = oct,
   volume = 30,
    pages = {145-168},
   adsurl = {http://adsabs.harvard.edu/abs/1977A%26AS...30..145G},
  adsnote = {Provided by the SAO/NASA Astrophysics Data System}
}

@ARTICLE{2012MmSAI..83...72T,
   author = {{Tauber}, J.~A. and {Planck Collaboration}},
    title = "{The Planck mission }",
  journal = {\memsai},
 keywords = {Cosmology: observations, Cosmic background radiation, Surveys, Space vehicles: instruments, Instrumentation: detectors},
     year = 2012,
   volume = 83,
    pages = {72},
   adsurl = {http://adsabs.harvard.edu/abs/2012MmSAI..83...72T},
  adsnote = {Provided by the SAO/NASA Astrophysics Data System}
}

@INPROCEEDINGS{2012SPIE.8452E..0OB,
   author = {{Bourrion}, O. and {Vescovi}, C. and {Bouly}, J.~L. and {Benoit}, A. and 
	{Calvo}, M. and {Gallin-Martel}, L. and {Macias-Perez}, J.~F. and 
	{Monfardini}, A.},
    title = "{Electronics and data acquisition for kilopixels kinetic inductance camera}",
booktitle = {Society of Photo-Optical Instrumentation Engineers (SPIE) Conference Series},
     year = 2012,
   series = {Society of Photo-Optical Instrumentation Engineers (SPIE) Conference Series},
   volume = 8452,
    month = sep,
      eid = {84520O},
      doi = {10.1117/12.925353},
   adsurl = {http://adsabs.harvard.edu/abs/2012SPIE.8452E..0OB},
  adsnote = {Provided by the SAO/NASA Astrophysics Data System}
}

@INPROCEEDINGS{2007stt..conf..170D,
   author = {{Doyle}, S. and {Naylon}, J. and {Mauskopf}, P. and {Porch}, A. and 
	{Dunscombe}, C.},
    title = "{Lumped Element Kinetic Inductance Detectors}",
booktitle = {Eighteenth International Symposium on Space Terahertz Technology},
     year = 2007,
   editor = {{Karpov}, A.},
    pages = {170},
   adsurl = {http://adsabs.harvard.edu/abs/2007stt..conf..170D},
  adsnote = {Provided by the SAO/NASA Astrophysics Data System}
}

@ARTICLE{2012GCN..14088...1M,
   author = {{Monfardini}, A. and {D\'esert}, F.-X. and {Ponthieu}, N. and 
	{Adams}, R. and {Calvo}, M. and {Macias-Perez}, J. and {Catalano}, A. and 
	{Leclercq}, S. and {Mauskopf}, P. and {Benoit}, A. and {Detectors}, K.~I.
	},
    title = "{GRB 121123A: NIKA (New IRAM KID arrays) millimetre observations at the  30-m pico veleta telescope.}",
  journal = {GRB Coordinates Network},
     year = 2012,
   volume = 14088,
    pages = {1},
   adsurl = {http://adsabs.harvard.edu/abs/2012GCN..14088...1M},
  adsnote = {Provided by the SAO/NASA Astrophysics Data System}
}

@ARTICLE{2013A&A...550A.128P,
   author = {{Planck Collaboration} and {AMI Collaboration} and {Ade}, P.~A.~R. and 
	{Aghanim}, N. and {Arnaud}, M. and {Ashdown}, M. and {Aumont}, J. and 
	{Baccigalupi}, C. and {Balbi}, A. and {Banday}, A.~J. and et al.},
    title = "{Planck intermediate results. II. Comparison of Sunyaev-Zeldovich measurements from Planck and from the Arcminute Microkelvin Imager for 11 galaxy clusters}",
  journal = {\aap},
archivePrefix = "arXiv",
   eprint = {1204.1318},
 primaryClass = "astro-ph.CO",
 keywords = {cosmology: observations, galaxies: clusters: general, galaxies: clusters: intracluster medium, cosmic background radiation, X-rays: galaxies: clusters},
     year = 2013,
    month = feb,
   volume = 550,
      eid = {A128},
    pages = {A128},
      doi = {10.1051/0004-6361/201219361},
  adsnote = {Provided by the SAO/NASA Astrophysics Data System}
}

@ARTICLE{2001IEEE....49.1683C,
   author = {{Pardo}, J.~R. and {Cernicharo}, J. and { Serabyn}, E.},
    title = "{Atmospheric transmission at microwaves (ATM): an improved model for millimeter/submillimeter applications}",
  journal = {IEEE},
 keywords = {Absorption, Astronomy, Atmospheric measurements, Atmospheric modeling, Delay, Dispersion, Frequency, Microwave measurements, Microwave propagation, Phased arrays},
     year = 2002,
    month = Aug,
   volume = 49,
    pages = {1683 - 1694},
      doi = {10.1109/8.982447},
   adsurl = {http://ieeexplore.ieee.org/xpl/articleDetails.jsp?arnumber=982447}
}


@ARTICLE{1999AJ....118.2581C,
   author = {{Carilli}, C.~L. and {Kurk}, J.~D. and {van der Werf}, P.~P. and
	{Perley}, R.~A. and {Miley}, G.~K.},
    title = "{High-Resolution Millimeter and Infrared Observations of the Hot Spots of Cygnus A}",
  journal = {\aj},
 keywords = {GALAXIES: ACTIVE, GALAXIES: INDIVIDUAL (CYGNUS A), GALAXIES: JETS, INFRARED RADIATION, PHYSICAL DATA AND PROCESSES},
     year = 1999,
    month = dec,
   volume = 118,
    pages = {2581-2591},
      doi = {10.1086/301137},
   adsurl = {http://adsabs.harvard.edu/abs/1999AJ....118.2581C},
  adsnote = {Provided by the SAO/NASA Astrophysics Data System}
}

@INPROCEEDINGS{1999IAUS..194..179L,
   author = {{Leeuw}, L.~L. and {Robson}, E.~I.},
    title = "{The Continuum Spectra of the Core of Hotspots of Cygnus-A in the Millimetre and Submillimetre}",
booktitle = {Activity in Galaxies and Related Phenomena},
     year = 1999,
   series = {IAU Symposium},
   volume = 194,
   editor = {{Terzian}, Y. and {Khachikian}, E. and {Weedman}, D.},
    pages = {179},
   adsurl = {http://adsabs.harvard.edu/abs/1999IAUS..194..179L},
  adsnote = {Provided by the SAO/NASA Astrophysics Data System}
}

@ARTICLE{1998MNRAS.301..935R,
   author = {{Robson}, E.~I. and {Leeuw}, L.~L. and {Stevens}, J.~A. and
	{Holland}, W.~S.},
    title = "{Millimetre and submillimetre continuum observations of the core and hotspots of Cygnus A}",
  journal = {\mnras},
   eprint = {arXiv:astro-ph/9810382},
 keywords = {RADIATION MECHANISMS: NON-THERMAL, RADIATION MECHANISMS: THERMAL, GALAXIES: ACTIVE, GALAXIES: INDIVIDUAL: CYGNUS A, RADIO CONTINUUM: GALAXIES},
     year = 1998,
    month = dec,
   volume = 301,
    pages = {935-940},
      doi = {10.1046/j.1365-8711.1998.02072.x},
   adsurl = {http://adsabs.harvard.edu/abs/1998MNRAS.301..935R},
  adsnote = {Provided by the SAO/NASA Astrophysics Data System}
}

@ARTICLE{1993ApJ...402..546W,
   author = {{Wright}, M.~C.~H. and {Sault}, R.~J.},
    title = "{Mapping Cygnus A at 3 millimeter wavelength with the MIRIAD system}",
  journal = {\apj},
 keywords = {ASTRONOMICAL MAPS, CYGNUS CONSTELLATION, MILLIMETER WAVES, RADIO GALAXIES, IMAGE PROCESSING, SOFTWARE TOOLS, VERY LARGE ARRAY (VLA)},
     year = 1993,
    month = jan,
   volume = 402,
    pages = {546-549},
      doi = {10.1086/172156},
   adsurl = {http://adsabs.harvard.edu/abs/1993ApJ...402..546W},
  adsnote = {Provided by the SAO/NASA Astrophysics Data System}
}

@INPROCEEDINGS{1986BAAS...18.1005L,
   author = {{Lesyna}, L. and {Werner}, M.~W. and {Roellig}, T.~L.},
    title = "{One Millimeter Continuum Observations of Cygnus A}",
booktitle = {Bulletin of the American Astronomical Society},
     year = 1986,
   series = {Bulletin of the American Astronomical Society},
   volume = 18,
    month = sep,
    pages = {1005},
   adsurl = {http://adsabs.harvard.edu/abs/1986BAAS...18.1005L},
  adsnote = {Provided by the SAO/NASA Astrophysics Data System}
}


@ARTICLE{2003A&A...410..577A,
   author = {{Abergel}, A. and {Teyssier}, D. and {Bernard}, J.~P. and {Boulanger}, F. and
	{Coulais}, A. and {Fosse}, D. and {Falgarone}, E. and {Gerin}, M. and
	{Perault}, M. and {Puget}, J.-L. and {Nordh}, L. and {Olofsson}, G. and
	{Huldtgren}, M. and {Kaas}, A.~A. and {Andr{\'e}}, P. and {Bontemps}, S. and
	{Casali}, M.~M. and {Cesarsky}, C.~J. and {Copet}, E. and {Davies}, J. and
	{Montmerle}, T. and {Persi}, P. and {Sibille}, F.},
    title = "{ISOCAM and molecular observations of the edge   of the Horsehead nebula}",
  journal = {\aap},
 keywords = {ISM: individual objects: Horsehead, ISM: dust, extinction, ISM: clouds, infrared: ISM, radio lines: ISM},
     year = 2003,
    month = nov,
   volume = 410,
    pages = {577-585},
      doi = {10.1051/0004-6361:20030878}
      }

@ARTICLE{Cruciani2012,
   author = {{Cruciani}, A. and {Swenson}, L.~J. and {Monfardini}, A. and
	{Boudou}, N. and {Calvo}, M. and {Roesch}, M.},
    title = "{X-Ray Imaging Using LEKIDs}",
  journal = {Journal of Low Temperature Physics},
     year = 2012,
    month = may,
   volume = 167,
    pages = {311-317},
      doi = {10.1007/s10909-012-0549-z},
   adsurl = {http://adsabs.harvard.edu/abs/2012JLTP..167..311C},
  adsnote = {Provided by the SAO/NASA Astrophysics Data System}
}


@ARTICLE{Swenson2010,
   author = {{Swenson}, L.~J. and {Cruciani}, A. and {Benoit}, A. and {Roesch}, M. and
	{Yung}, C.~S. and {Bideaud}, A. and {Monfardini}, A.},
    title = "{High-speed phonon imaging using frequency-multiplexed kinetic inductance detectors}",
  journal = {Applied Physics Letters},
archivePrefix = "arXiv",
   eprint = {1004.5066},
 primaryClass = "physics.ins-det",
 keywords = {elemental semiconductors, high-speed techniques, microwave detectors, phonons, photon counting, quantum computing, readout electronics, silicon, superconducting microwave devices, superconducting resonators, Superconducting infrared, submillimeter and millimeter wave detectors, Bolometers; infrared, submillimeter wave, microwave, and radiowave receivers and detectors, High-speed techniques},
     year = 2010,
    month = jun,
   volume = 96,
   number = 26,
      eid = {263511},
    pages = {263511},
      doi = {10.1063/1.3459142},
   adsurl = {http://adsabs.harvard.edu/abs/2010ApPhL..96z3511S},
  adsnote = {Provided by the SAO/NASA Astrophysics Data System}
}


@ARTICLE{Moore2012,
   author = {{Moore}, D.~C. and {Golwala}, S.~R. and {Bumble}, B. and {Cornell}, B. and
	{Day}, P.~K. and {LeDuc}, H.~G. and {Zmuidzinas}, J.},
    title = "{Position and energy-resolved particle detection using phonon-mediated microwave kinetic inductance detectors}",
  journal = {Applied Physics Letters},
archivePrefix = "arXiv",
   eprint = {1203.4549},
 primaryClass = "astro-ph.IM",
 keywords = {silicon radiation detectors, transition radiation detectors, Tracking and position-sensitive detectors, Solid-state detectors},
     year = 2012,
    month = jun,
   volume = 100,
   number = 23,
      eid = {232601},
    pages = {232601},
      doi = {10.1063/1.4726279},
   adsurl = {http://adsabs.harvard.edu/abs/2012ApPhL.100w2601M},
  adsnote = {Provided by the SAO/NASA Astrophysics Data System}
}


@ARTICLE{Calvo2013,
   author = {{Calvo}, M. and {Roesch}, M. and {D\'esert}, F. X. and
	{Monfardini}, A. and {Benoit}, A. and {Mauskopf}, P. and {Ade}, P. and {Boudou}, N. and
    {Bourrion}, O. and {Camus}, P. and {Cruciani}, A. and {Doyle}, S. and
    {Hoffmann}, C. and {Leclercq}, S. and {Macias-Perez}, J. F. and {Ponthieu}, N. and
    {Schuster}, K. F. and {Tucker}, C.  and {Vescovi}, C.},
    title = "{Improved mm-wave photometry for kinetic inductance detectors}",
  journal = {Astronomy and Astrophysics},
     year = 2013,
    month = february,
   volume = 551,
    pages = {L12},
      doi = {10.1051/0004-6361/201219854},
   adsurl = {http://adsabs.harvard.edu/abs/2013A%A...551L..12C}
}


@ARTICLE{Bourrion2012,
   author = {{Bourrion}, O. and {Vescovi}, C. and {Bouly}, J.~L. and {Benoit}, A. and
	{Calvo}, M. and {Gallin-Martel}, L. and {Macias-Perez}, J.~F. and
	{Monfardini}, A.},
    title = "{NIKEL: Electronics and data acquisition for kilopixels kinetic inductance camera}",
  journal = {Journal of Instrumentation},
archivePrefix = "arXiv",
   eprint = {1204.1415},
     year = 2012,
    month = jul,
   volume = 7,
    pages = {7014},
      doi = {10.1088/1748-0221/7/07/P07014},
   adsurl = {http://adsabs.harvard.edu/abs/2012JInst...7.7014B},
}



@ARTICLE{Roesch2012,
   author = {{Roesch}, M. and {Benoit}, A. and {Bideaud}, A. and {Boudou}, N. and
	{Calvo}, M. and {Cruciani}, A. and {Doyle}, S. and {Leduc}, H.~G. and
	{Monfardini}, A. and {Swenson}, L. and {Leclercq}, S. and {Mauskopf}, P. and
	{Schuster}, K.~F. and {for the NIKA collaboration}},
    title = "{Development of Lumped Element Kinetic Inductance Detectors for NIKA}",
  journal = {ArXiv e-prints},
archivePrefix = "arXiv",
   eprint = {1212.4585},
 primaryClass = "astro-ph.IM",
 keywords = {Astrophysics - Instrumentation and Methods for Astrophysics},
     year = 2012,
    month = dec,
   adsurl = {http://adsabs.harvard.edu/abs/2012arXiv1212.4585R},
  adsnote = {Provided by the SAO/NASA Astrophysics Data System}
}


@article{Lestrade:2009ef,
      author = {{Lestrade}, J.-F. and {Wyatt}, M.~C. and {Bertoldi}, F. and 
	{Menten}, K.~M. and {Labaigt}, G.},
    title = "{Search for cold debris disks around M-dwarfs. II}",
  journal = {\aap},
archivePrefix = "arXiv",
   eprint = {0907.4782},
 primaryClass = "astro-ph.GA",
 keywords = {stars: circumstellar matter, stars: low-mass, brown dwarfs, planetary systems: formation},
     year = 2009,
    month = nov,
   volume = 506,
    pages = {1455-1467},
      doi = {10.1051/0004-6361/200912306},
   adsurl = {http://cdsads.u-strasbg.fr/abs/2009A%26A...506.1455L},
  adsnote = {Provided by the SAO/NASA Astrophysics Data System}
}
 


@article{Lestrade:2010wm,
  author = {{Lestrade}, J.-F. and {Combes}, F. and {Salom{\'e}}, P. and 
	{Omont}, A. and {Bertoldi}, F. and {Andr{\'e}}, P. and {Schneider}, N.
	},
    title = "{Discovery of an extremely bright submillimeter galaxy at z = 3.93}",
  journal = {\aap},
archivePrefix = "arXiv",
   eprint = {1009.0449},
 primaryClass = "astro-ph.CO",
 keywords = {galaxies: evolution, galaxies: high-redshift, galaxies: ISM, infrared: galaxies, submillimeter: galaxies},
     year = 2010,
    month = nov,
   volume = 522,
      eid = {L4},
    pages = {L4},
      doi = {10.1051/0004-6361/201015673},
   adsurl = {http://adsabs.harvard.edu/abs/2010A%26A...522L...4L},
  adsnote = {Provided by the SAO/NASA Astrophysics Data System}
}

@article{Lestrade:2011qq,
  author = {{Lestrade}, J.-F. and {Carilli}, C.~L. and {Thanjavur}, K. and 
	{Kneib}, J.-P. and {Riechers}, D.~A. and {Bertoldi}, F. and 
	{Walter}, F. and {Omont}, A.},
    title = "{A Molecular Einstein Ring Toward the z = 3.93 Submillimeter Galaxy MM18423+5938}",
  journal = {\apjl},
archivePrefix = "arXiv",
   eprint = {1106.1432},
 primaryClass = "astro-ph.GA",
 keywords = {galaxies: evolution, galaxies: high-redshift, galaxies: ISM, galaxies: starburst, gravitational lensing: strong, submillimeter: galaxies},
     year = 2011,
    month = sep,
   volume = 739,
      eid = {L30},
    pages = {L30},
      doi = {10.1088/2041-8205/739/1/L30},
   adsurl = {http://adsabs.harvard.edu/abs/2011ApJ...739L..30L},
  adsnote = {Provided by the SAO/NASA Astrophysics Data System}
}


  

@article{McKean:2011nk,
      author         = "McKean, J.P. and Alba, A. Berciano and Volino, F. and
                        Tudose, V. and Garrett, M.A. and others",
      title          = "{A new perspective on the submillimetre galaxy MM
                        18423+5938 at redshift 3.9296 from radio continuum
                        imaging}",
      year           = "2011",
      eprint         = "1103.0583",
      archivePrefix  = "arXiv",
      primaryClass   = "astro-ph.CO",
      SLACcitation   = "%%CITATION = ARXIV:1103.0583;%%",
}
 
 

@ARTICLE{Martin:2010gg,
   author = {{Mart{\'{\i}}n}, S. and {Krips}, M. and {Mart{\'{\i}}n-Pintado}, J. and 
	{Aalto}, S. and {Zhao}, J.-H. and {Peck}, A.~B. and {Petitpas}, G.~R. and 
	{Monje}, R. and {Greve}, T.~R. and {An}, T.},
    title = "{The Submillimeter Array 1.3 mm line survey of Arp 220}",
  journal = {\aap},
archivePrefix = "arXiv",
   eprint = {1012.3753},
 primaryClass = "astro-ph.CO",
 keywords = {surveys, galaxies: abundances, galaxies: active, galaxies: individual: Arp 220, galaxies: ISM, galaxies: starburst},
     year = 2011,
    month = mar,
   volume = 527,
      eid = {A36},
    pages = {A36},
      doi = {10.1051/0004-6361/201015855},
   adsurl = {http://adsabs.harvard.edu/abs/2011A%26A...527A..36M},
  adsnote = {Provided by the SAO/NASA Astrophysics Data System}
}

 
 
@article{Downes:2007gi,
      author         = "Downes, D. and Eckart, A.",
      title          = "{Black hole in the West Nucleus of Arp 220}",
      journal        = "Astron.Astrophys.",
      volume         = "468",
      pages          = "L57",
      doi            = "10.1051/0004-6361:20077301",
      year           = "2007",
      eprint         = "0706.2599",
      archivePrefix  = "arXiv",
      primaryClass   = "astro-ph",
      SLACcitation   = "%%CITATION = ARXIV:0706.2599;%%",
}

  

 

@ARTICLE{Albrecht,
   author = {{Albrecht}, M. and {Kr{\"u}gel}, E. and {Chini}, R.},
    title = "{Dust and CO emission towards the centers of normal galaxies, starburst galaxies and active galactic nuclei. I. New data and updated catalogue}",
  journal = {\aap},
 keywords = {galaxies: abundances, galaxies: ISM, galaxies: spiral, radio continuum: galaxies, radio lines: galaxies},
     year = 2007,
    month = feb,
   volume = 462,
    pages = {575-579},
      doi = {10.1051/0004-6361:20047017},
   adsurl = {http://adsabs.harvard.edu/abs/2007A%26A...462..575A},
  adsnote = {Provided by the SAO/NASA Astrophysics Data System}
}

@ARTICLE{Scoville,
   author = {{Scoville}, N.~Z. and {Yun}, M.~S. and {Bryant}, P.~M.},
    title = "{Arcsecond Imaging of CO Emission in the Nucleus of ARP 220}",
  journal = {\apj},
 keywords = {GALAXIES: INDIVIDUAL NAME: ARP 220, GALAXIES: INTERACTIONS, GALAXIES: ISM},
     year = 1997,
    month = jul,
   volume = 484,
    pages = {702},
      doi = {10.1086/304368},
   adsurl = {http://adsabs.harvard.edu/abs/1997ApJ...484..702S},
  adsnote = {Provided by the SAO/NASA Astrophysics Data System}
}


 
@ARTICLE{Sakamoto,
   author = {{Sakamoto}, K. and {Scoville}, N.~Z. and {Yun}, M.~S. and {Crosas}, M. and 
	{Genzel}, R. and {Tacconi}, L.~J.},
    title = "{Counterrotating Nuclear Disks in ARP 220}",
  journal = {\apj},
   eprint = {astro-ph/9810325},
 keywords = {GALAXIES: EVOLUTION, GALAXIES: INDIVIDUAL (ARP 220), GALAXIES: INTERACTIONS, GALAXIES: ISM},
     year = 1999,
    month = mar,
   volume = 514,
    pages = {68-76},
      doi = {10.1086/306951},
   adsurl = {http://adsabs.harvard.edu/abs/1999ApJ...514...68S},
  adsnote = {Provided by the SAO/NASA Astrophysics Data System}
}



@ARTICLE{woody,
   author = {{Woody}, D.~P. and {Scott}, S.~L. and {Scoville}, N.~Z. and 
	{Mundy}, L.~G. and {Sargent}, A.~I. and {Padin}, S. and {Tinney}, C.~G. and 
	{Wilson}, C.~D.},
    title = "{Interferometric observations of 1.4 millimeter continuum sources}",
  journal = {\apjl},
 keywords = {Continuous Radiation, Interferometry, Interstellar Matter, Millimeter Waves, Radio Sources (Astronomy), Carbon, Cosmic Dust, Emission Spectra, Mass Distribution, Star Formation},
     year = 1989,
    month = feb,
   volume = 337,
    pages = {L41-L44},
      doi = {10.1086/185374},
   adsurl = {http://adsabs.harvard.edu/abs/1989ApJ...337L..41W},
  adsnote = {Provided by the SAO/NASA Astrophysics Data System}
}


@ARTICLE{2013Natur.496..329R,
   author = {{Riechers}, D.~A. and {Bradford}, C.~M. and {Clements}, D.~L. and 
	{Dowell}, C.~D. and {P{\'e}rez-Fournon}, I. and {Ivison}, R.~J. and 
	{Bridge}, C. and {Conley}, A. and {Fu}, H. and {Vieira}, J.~D. and 
	{Wardlow}, J. and {Calanog}, J. and {Cooray}, A. and {Hurley}, P. and 
	{Neri}, R. and {Kamenetzky}, J. and {Aguirre}, J.~E. and {Altieri}, B. and 
	{Arumugam}, V. and {Benford}, D.~J. and {B{\'e}thermin}, M. and 
	{Bock}, J. and {Burgarella}, D. and {Cabrera-Lavers}, A. and 
	{Chapman}, S.~C. and {Cox}, P. and {Dunlop}, J.~S. and {Earle}, L. and 
	{Farrah}, D. and {Ferrero}, P. and {Franceschini}, A. and {Gavazzi}, R. and 
	{Glenn}, J. and {Solares}, E.~A.~G. and {Gurwell}, M.~A. and 
	{Halpern}, M. and {Hatziminaoglou}, E. and {Hyde}, A. and {Ibar}, E. and 
	{Kov{\'a}cs}, A. and {Krips}, M. and {Lupu}, R.~E. and {Maloney}, P.~R. and 
	{Martinez-Navajas}, P. and {Matsuhara}, H. and {Murphy}, E.~J. and 
	{Naylor}, B.~J. and {Nguyen}, H.~T. and {Oliver}, S.~J. and 
	{Omont}, A. and {Page}, M.~J. and {Petitpas}, G. and {Rangwala}, N. and 
	{Roseboom}, I.~G. and {Scott}, D. and {Smith}, A.~J. and {Staguhn}, J.~G. and 
	{Streblyanska}, A. and {Thomson}, A.~P. and {Valtchanov}, I. and 
	{Viero}, M. and {Wang}, L. and {Zemcov}, M. and {Zmuidzinas}, J.
	},
    title = "{A dust-obscured massive maximum-starburst galaxy at a redshift of 6.34}",
  journal = {\nat},
archivePrefix = "arXiv",
   eprint = {1304.4256},
 primaryClass = "astro-ph.CO",
     year = 2013,
    month = apr,
   volume = 496,
    pages = {329-333},
      doi = {10.1038/nature12050},
   adsurl = {http://adsabs.harvard.edu/abs/2013Natur.496..329R},
  adsnote = {Provided by the SAO/NASA Astrophysics Data System}
}


@ARTICLE{2012A&A...538L...4C,
   author = {{Combes}, F. and {Rex}, M. and {Rawle}, T.~D. and {Egami}, E. and 
	{Boone}, F. and {Smail}, I. and {Richard}, J. and {Ivison}, R.~J. and 
	{Gurwell}, M. and {Casey}, C.~M. and {Omont}, A. and {Berciano Alba}, A. and 
	{Dessauges-Zavadsky}, M. and {Edge}, A.~C. and {Fazio}, G.~G. and 
	{Kneib}, J.-P. and {Okabe}, N. and {Pell{\'o}}, R. and {P{\'e}rez-Gonz{\'a}lez}, P.~G. and 
	{Schaerer}, D. and {Smith}, G.~P. and {Swinbank}, A.~M. and 
	{van der Werf}, P.},
    title = "{A bright z = 5.2 lensed submillimeter galaxy in the field of Abell 773. HLSJ091828.6+514223}",
  journal = {\aap},
archivePrefix = "arXiv",
   eprint = {1201.2908},
 primaryClass = "astro-ph.CO",
 keywords = {galaxies: evolution, galaxies: high-redshift, galaxies: ISM, infrared: galaxies, submillimeter: galaxies, galaxies: individual: HLSJ091828.6+514223},
     year = 2012,
    month = feb,
   volume = 538,
      eid = {L4},
    pages = {L4},
      doi = {10.1051/0004-6361/201118750},
   adsurl = {http://adsabs.harvard.edu/abs/2012A%26A...538L...4C},
  adsnote = {Provided by the SAO/NASA Astrophysics Data System}
}

@ARTICLE{Ikarashi:2010ar,
   author = {{Ikarashi}, S. and {Kohno}, K. and {Aguirre}, J.~E. and {Aretxaga}, I. and 
	{Arumugam}, V. and {Austermann}, J.~E. and {Bock}, J.~J. and 
	{Bradford}, C.~M. and {Cirasuolo}, M. and {Earle}, L. and {Ezawa}, H. and 
	{Furusawa}, H. and {Furusawa}, J. and {Glenn}, J. and {Hatsukade}, B. and 
	{Hughes}, D.~H. and {Iono}, D. and {Ivison}, R.~J. and {Johnson}, S. and 
	{Kamenetzky}, J. and {Kawabe}, R. and {Lupu}, R. and {Maloney}, P. and 
	{Matsuhara}, H. and {Mauskopf}, P.~D. and {Motohara}, K. and 
	{Murphy}, E.~J. and {Nakajima}, K. and {Nakanishi}, K. and {Naylor}, B.~J. and 
	{Nguyen}, H.~T. and {Perera}, T.~A. and {Scott}, K.~S. and {Shimasaku}, K. and 
	{Takagi}, T. and {Takata}, T. and {Tamura}, Y. and {Tanaka}, K. and 
	{Tsukagoshi}, T. and {Wilner}, D.~J. and {Wilson}, G.~W. and 
	{Yun}, M.~S. and {Zmuidzinas}, J.},
    title = "{Detection of an ultrabright submillimetre galaxy in the Subaru/XMM-Newton Deep Field using AzTEC/ASTE}",
  journal = {\mnras},
archivePrefix = "arXiv",
   eprint = {1009.1455},
 primaryClass = "astro-ph.CO",
 keywords = {galaxies: high-redshift, galaxies: ISM, galaxies: starburst, submillimetre: galaxies},
     year = 2011,
    month = aug,
   volume = 415,
    pages = {3081-3096},
      doi = {10.1111/j.1365-2966.2011.18918.x},
   adsurl = {http://adsabs.harvard.edu/abs/2011MNRAS.415.3081I},
  adsnote = {Provided by the SAO/NASA Astrophysics Data System}
}


@ARTICLE{1987A&A...184..381A,
   author = {{Altenhoff}, W.~J. and {Baars}, J.~W.~M. and {Wink}, J.~E. and 
	{Downes}, D.},
    title = "{Observations of anomalous refraction at radio wavelengths}",
  journal = {\aap},
 keywords = {Radio Astronomy, Radio Frequencies, Radio Wave Refraction, Signal Reception, Anomalies, Frequency Distribution, Mathematical Models, Meteorological Parameters},
     year = 1987,
    month = oct,
   volume = 184,
    pages = {381-385},
   adsurl = {http://cdsads.u-strasbg.fr/abs/1987A%26A...184..381A},
  adsnote = {Provided by the SAO/NASA Astrophysics Data System}
}

@ARTICLE{dicke,
   author = {{Dicke}, R.~H. and {Beringer}, R. and {Kuhl}, R.~L. and 
	{Vane}, A.~B.},
    title = "{Atmospheric absorption measurements with a microwave
radiometer}",
  journal = {Phys. Rev.},
     year = 1946,
    month = may,
   volume = 70,
    pages = {340-348},
  adsnote = {Provided by the SAO/NASA Astrophysics Data System}
}

@ARTICLE{Greve,
   author = {{Greve}, A. and {Kramer}, C. and {Wild}, W.},
    title = "{The beam pattern of the IRAM 30-m telescope. (a reflector with several surface error distributions)}",
  journal = {\aaps},
 keywords = {TELESCOPES},
     year = 1998,
    month = dec,
   volume = 133,
    pages = {271-284},
      doi = {10.1051/aas:1998454},
   adsurl = {http://adsabs.harvard.edu/abs/1998A%26AS..133..271G},
  adsnote = {Provided by the SAO/NASA Astrophysics Data System}
}

@ARTICLE{planckii,
   author = {{Planck Collaboration} and {Ade}, P.~A.~R. and {Aghanim}, N. and 
	{Armitage-Caplan}, C. and {Arnaud}, M. and {Ashdown}, M. and 
	{Atrio-Barandela}, F. and {Aumont}, J. and {Baccigalupi}, C. and 
	{Banday}, A.~J. and et al.},
    title = "{Planck 2013 results. VIII. HFI photometric calibration and mapmaking}",
  journal = {ArXiv e-prints},
archivePrefix = "arXiv",
   eprint = {1303.5069},
 primaryClass = "astro-ph.CO",
 keywords = {Astrophysics - Cosmology and Extragalactic Astrophysics, Astrophysics - Instrumentation and Methods for Astrophysics},
     year = 2013,
    month = mar,
   adsurl = {http://adsabs.harvard.edu/abs/2013arXiv1303.5069P},
  adsnote = {Provided by the SAO/NASA Astrophysics Data System}
}

@ARTICLE{Ramesh2012,
   author = {{Ramesh}, N. and {Hawron}, M. and {Martin}, C. and {Bachri}, A.
	},
    title = "{Flux Variation of Cosmic Muons}",
  journal = {ArXiv e-prints},
archivePrefix = "arXiv",
   eprint = {1203.0101},
 primaryClass = "physics.ins-det",
 keywords = {Physics - Instrumentation and Detectors},
     year = 2012,
    month = mar,
   adsurl = {http://adsabs.harvard.edu/abs/2012arXiv1203.0101R},
  adsnote = {Provided by the SAO/NASA Astrophysics Data System}
}

@ARTICLE{2013ApJ,
   author = {{Schneider}, N. and {Andr{\'e}}, P. and {K{\"o}nyves}, V. and 
	{Bontemps}, S. and {Motte}, F. and {Federrath}, C. and {Ward-Thompson}, D. and 
	{Arzoumanian}, D. and {Benedettini}, M. and {Bressert}, E. and 
	{Didelon}, P. and {Di Francesco}, J. and {Griffin}, M. and {Hennemann}, M. and 
	{Hill}, T. and {Palmeirim}, P. and {Pezzuto}, S. and {Peretto}, N. and 
	{Roy}, A. and {Rygl}, K.~L.~J. and {Spinoglio}, L. and {White}, G.
	},
    title = "{What Determines the Density Structure of Molecular Clouds? A Case Study of Orion B with Herschel}",
  journal = {\apjl},
archivePrefix = "arXiv",
   eprint = {1304.0327},
 primaryClass = "astro-ph.GA",
 keywords = {dust, extinction, ISM: clouds, ISM: structure},
     year = 2013,
    month = apr,
   volume = 766,
      eid = {L17},
    pages = {L17},
      doi = {10.1088/2041-8205/766/2/L17},
   adsurl = {http://adsabs.harvard.edu/abs/2013ApJ...766L..17S},
  adsnote = {Provided by the SAO/NASA Astrophysics Data System}
}

@ARTICLE{DR21_1,
   author = {{Hennemann}, M. and {Motte}, F. and {Schneider}, N. and {Didelon}, P. and 
	{Hill}, T. and {Arzoumanian}, D. and {Bontemps}, S. and {Csengeri}, T. and 
	{Andr{\'e}}, P. and {Konyves}, V. and {Louvet}, F. and {Marston}, A. and 
	{Men'shchikov}, A. and {Minier}, V. and {Nguyen Luong}, Q. and 
	{Palmeirim}, P. and {Peretto}, N. and {Sauvage}, M. and {Zavagno}, A. and 
	{Anderson}, L.~D. and {Bernard}, J.-P. and {Di Francesco}, J. and 
	{Elia}, D. and {Li}, J.~Z. and {Martin}, P.~G. and {Molinari}, S. and 
	{Pezzuto}, S. and {Russeil}, D. and {Rygl}, K.~L.~J. and {Schisano}, E. and 
	{Spinoglio}, L. and {Sousbie}, T. and {Ward-Thompson}, D. and 
	{White}, G.~J.},
    title = "{The spine of the swan: a Herschel study of the DR21 ridge and filaments in Cygnus X}",
  journal = {\aap},
archivePrefix = "arXiv",
   eprint = {1206.1243},
 primaryClass = "astro-ph.GA",
 keywords = {ISM: individual objects: DR 21, ISM: general, ISM: structure, dust, extinction, stars: formation, ISM: individual objects: DR21(OH)},
     year = 2012,
    month = jul,
   volume = 543,
      eid = {L3},
    pages = {L3},
      doi = {10.1051/0004-6361/201219429},
   adsurl = {http://adsabs.harvard.edu/abs/2012A%26A...543L...3H},
  adsnote = {Provided by the SAO/NASA Astrophysics Data System}
}

@ARTICLE{DR21_2,
   author = {{Schneider}, N. and {Bontemps}, S. and {Simon}, R. and {Ossenkopf}, V. and 
	{Federrath}, C. and {Klessen}, R.~S. and {Motte}, F. and {Andr{\'e}}, P. and 
	{Stutzki}, J. and {Brunt}, C.},
    title = "{The link between molecular cloud structure and turbulence}",
  journal = {\aap},
archivePrefix = "arXiv",
   eprint = {1001.2453},
 primaryClass = "astro-ph.GA",
 keywords = {methods: analytical, dust, extinction, ISM: molecules, ISM: structure},
     year = 2011,
    month = may,
   volume = 529,
      eid = {A1},
    pages = {A1},
      doi = {10.1051/0004-6361/200913884},
   adsurl = {http://adsabs.harvard.edu/abs/2011A%26A...529A...1S},
  adsnote = {Provided by the SAO/NASA Astrophysics Data System}
}

@ARTICLE{kramer,
   author = {{Kramer}, C. and {Penalver}, J. and {Greve}, A.},
    title = "{Improvement of the IRAM 30m telescope beam pattern}",
  journal = {Internal IRAM Document},
     year = 2013,
   adsurl = {http://www.iram.es/IRAMES/mainWiki/CalibrationPapers?action=AttachFile&do=get&target=eb2013-v8.2.pdf},
}

@ARTICLE{monfardiniLTD,
   author = {{Monfardini}, A. and {Adam}, R. and {Adane}, A. and {Ade}, P. and 
	{Andr{\'e}}, P. and {Beelen}, A. and {Belier}, B. and {Benoit}, A. and 
	{Bideaud}, A. and {Billot}, N. and {Bourrion}, O. and {Calvo}, M. and 
	{Catalano}, A. and {Coiffard}, G. and {Comis}, B. and {D'Addabbo}, A. and 
	{D{\'e}sert}, F.-X. and {Doyle}, S. and {Goupy}, J. and {Kramer}, C. and 
	{Leclercq}, S. and {Macias-Perez}, J. and {Martino}, J. and 
	{Mauskopf}, P. and {Mayet}, F. and {Pajot}, F. and {Pascale}, E. and 
	{Ponthieu}, N. and {Rev{\'e}ret}, V. and {Rodriguez}, L. and 
	{Savini}, G. and {Schuster}, K. and {Sievers}, A. and {Tucker}, C. and 
	{Zylka}, R.},
    title = "{Latest NIKA Results and the NIKA-2 Project}",
  journal = {Journal of Low Temperature Physics},
archivePrefix = "arXiv",
   eprint = {1310.1230},
 primaryClass = "astro-ph.IM",
 keywords = {Kinetic inductance detectors, Millimeter astronomy, Superconducting detectors},
     year = 2013,
    month = dec,
      doi = {10.1007/s10909-013-0985-4},
   adsurl = {http://adsabs.harvard.edu/abs/2013JLTP..tmp..153M},
  adsnote = {Provided by the SAO/NASA Astrophysics Data System}
}

@ARTICLE{2008ACT,
   author = {{Niemack}, M.~D. and {Zhao}, Y. and {Wollack}, E. and {Thornton}, R. and 
	{Switzer}, E.~R. and {Swetz}, D.~S. and {Staggs}, S.~T. and 
	{Page}, L. and {Stryzak}, O. and {Moseley}, H. and {Marriage}, T.~A. and 
	{Limon}, M. and {Lau}, J.~M. and {Klein}, J. and {Kaul}, M. and 
	{Jarosik}, N. and {Irwin}, K.~D. and {Hincks}, A.~D. and {Hilton}, G.~C. and 
	{Halpern}, M. and {Fowler}, J.~W. and {Fisher}, R.~P. and {D{\"u}nner}, R. and 
	{Doriese}, W.~B. and {Dicker}, S.~R. and {Devlin}, M.~J. and 
	{Chervenak}, J. and {Burger}, B. and {Battistelli}, E.~S. and 
	{Appel}, J. and {Amiri}, M. and {Allen}, C. and {Aboobaker}, A.~M.
	},
    title = "{A Kilopixel Array of TES Bolometers for ACT: Development, Testing, and First Light}",
  journal = {Journal of Low Temperature Physics},
     year = 2008,
    month = may,
   volume = 151,
    pages = {690-696},
      doi = {10.1007/s10909-008-9729-2},
   adsurl = {http://adsabs.harvard.edu/abs/2008JLTP..151..690N},
  adsnote = {Provided by the SAO/NASA Astrophysics Data System}
}

@INPROCEEDINGS{2008SPIE.7020E..25G,
   author = {{G{\"u}sten}, R. and {Baryshev}, A. and {Bell}, A. and {Belloche}, A. and 
	{Graf}, U. and {Hafok}, H. and {Heyminck}, S. and {Hochg{\"u}rtel}, S. and 
	{Honingh}, C.~E. and {Jacobs}, K. and {Kasemann}, C. and {Klein}, B. and 
	{Klein}, T. and {Korn}, A. and {Kr{\"a}mer}, I. and {Leinz}, C. and 
	{Lundgren}, A. and {Menten}, K.~M. and {Meyer}, K. and {Muders}, D. and 
	{Pacek}, F. and {Rabanus}, D. and {Sch{\"a}fer}, F. and {Schilke}, P. and 
	{Schneider}, G. and {Stutzki}, J. and {Wieching}, G. and {Wunsch}, A. and 
	{Wyrowski}, F.},
    title = "{Submillimeter heterodyne arrays for APEX}",
booktitle = {Society of Photo-Optical Instrumentation Engineers (SPIE) Conference Series},
     year = 2008,
   series = {Society of Photo-Optical Instrumentation Engineers (SPIE) Conference Series},
   volume = 7020,
    month = aug,
      eid = {702010},
      doi = {10.1117/12.788271},
   adsurl = {http://adsabs.harvard.edu/abs/2008SPIE.7020E..25G},
  adsnote = {Provided by the SAO/NASA Astrophysics Data System}
}

@INPROCEEDINGS{2010SPIE.7741E...2B,
   author = {{Bintley}, D. and {Macintosh}, M.~J. and {Holland}, W.~S. and 
	{Friberg}, P. and {Walther}, C. and {Atkinson}, D. and {Kelly}, D. and 
	{Gao}, X. and {Ade}, P.~A.~R. and {Grainger}, W. and {House}, J. and 
	{Moncelsi}, L. and {Hollister}, M.~I. and {Woodcraft}, A. and 
	{Dunare}, C. and {Parkes}, W. and {Walton}, A.~J. and {Irwin}, K.~D. and 
	{Hilton}, G.~C. and {Niemack}, M. and {Reintsema}, C.~D. and 
	{Amiri}, M. and {Burger}, B. and {Halpern}, M. and {Hasselfield}, M. and 
	{Hill}, J. and {Kycia}, J.~B. and {Mugford}, C.~G.~A. and {Persaud}, L.
	},
    title = "{Characterising the SCUBA-2 superconducting bolometer arrays}",
booktitle = {Society of Photo-Optical Instrumentation Engineers (SPIE) Conference Series},
     year = 2010,
   series = {Society of Photo-Optical Instrumentation Engineers (SPIE) Conference Series},
   volume = 7741,
    month = jul,
      eid = {774106},
      doi = {10.1117/12.856839},
   adsurl = {http://adsabs.harvard.edu/abs/2010SPIE.7741E...2B},
  adsnote = {Provided by the SAO/NASA Astrophysics Data System}
}

@article{moreno2010,
  author = {{Moreno}, R.},
  journal = {Neptune and Uranus planetary brightness temperature
tabulation. Tech. rep., ESA Herschel Science Center, available from
ftp://ftp.sciops.esa.int/pub/hsc-calibration/PlanetaryModels/ESA2},
  year = 2010
}
