
@ARTICLE{pratt2010,
   author = {{Pratt}, G.~W. and {Arnaud}, M. and {Piffaretti}, R. and {B{\"o}hringer}, H. and 
	{Ponman}, T.~J. and {Croston}, J.~H. and {Voit}, G.~M. and {Borgani}, S. and 
	{Bower}, R.~G.},
    title = "{Gas entropy in a representative sample of nearby X-ray galaxy clusters (REXCESS): relationship to gas mass fraction}",
  journal = {\aap},
archivePrefix = "arXiv",
   eprint = {0909.3776},
 keywords = {X-rays: galaxies: clusters, galaxies: cluster: general, cosmology: observations},
     year = 2010,
    month = feb,
   volume = 511,
      eid = {A85},
    pages = {A85},
      doi = {10.1051/0004-6361/200913309},
   adsurl = {http://adsabs.harvard.edu/abs/2010A%26A...511A..85P},
  adsnote = {Provided by the SAO/NASA Astrophysics Data System}
}


@ARTICLE{bartalucci2014,
   author = {{Bartalucci}, I. and {Mazzotta}, P. and {Bourdin}, H. and {Vikhlinin}, A.
	},
    title = "{Chandra ACIS-I particle background: an analytical model}",
  journal = {\aap},
archivePrefix = "arXiv",
   eprint = {1404.3587},
 primaryClass = "astro-ph.IM",
 keywords = {methods: data analysis, instrumentation: detectors, X-rays: general},
     year = 2014,
    month = jun,
   volume = 566,
      eid = {A25},
    pages = {A25},
      doi = {10.1051/0004-6361/201423443},
   adsurl = {http://adsabs.harvard.edu/abs/2014A%26A...566A..25B},
  adsnote = {Provided by the SAO/NASA Astrophysics Data System}
}



@ARTICLE{markevitch2006,
   author = {{Hickox}, R.~C. and {Markevitch}, M.},
    title = "{Absolute Measurement of the Unresolved Cosmic X-Ray Background in the 0.5-8 keV Band with Chandra}",
  journal = {\apj},
   eprint = {astro-ph/0512542},
 keywords = {Galaxies: Active, Methods: Data Analysis, X-Rays: Diffuse Background, X-Rays: Galaxies},
     year = 2006,
    month = jul,
   volume = 645,
    pages = {95-114},
      doi = {10.1086/504070},
   adsurl = {http://adsabs.harvard.edu/abs/2006ApJ...645...95H},
  adsnote = {Provided by the SAO/NASA Astrophysics Data System}
}


@ARTICLE{pratt2007,
   author = {{Pratt}, G.~W. and {B{\"o}hringer}, H. and {Croston}, J.~H. and 
	{Arnaud}, M. and {Borgani}, S. and {Finoguenov}, A. and {Temple}, R.~F.
	},
    title = "{Temperature profiles of a representative sample of nearby X-ray galaxy clusters}",
  journal = {\aap},
   eprint = {astro-ph/0609480},
 keywords = {X-rays: galaxies: clusters, galaxies: clusters: general, intergalactic medium, cosmology: observations},
     year = 2007,
    month = jan,
   volume = 461,
    pages = {71-80},
      doi = {10.1051/0004-6361:20065676},
   adsurl = {http://adsabs.harvard.edu/abs/2007A%26A...461...71P},
  adsnote = {Provided by the SAO/NASA Astrophysics Data System}
}


@ARTICLE{kuntz2008,
   author = {{Kuntz}, K.~D. and {Snowden}, S.~L.},
    title = "{The EPIC-MOS particle-induced background spectra}",
  journal = {\aap},
 keywords = {methods: data analysis, instrumentation: detectors, X-rays: general},
     year = 2008,
    month = feb,
   volume = 478,
    pages = {575-596},
      doi = {10.1051/0004-6361:20077912},
   adsurl = {http://adsabs.harvard.edu/abs/2008A%26A...478..575K},
  adsnote = {Provided by the SAO/NASA Astrophysics Data System}
}


@ARTICLE{snowden1995,
   author = {{Snowden}, S.~L. and {Freyberg}, M.~J. and {Plucinsky}, P.~P. and 
	{Schmitt}, J.~H.~M.~M. and {Truemper}, J. and {Voges}, W. and 
	{Edgar}, R.~J. and {McCammon}, D. and {Sanders}, W.~T.},
    title = "{First Maps of the Soft X-Ray Diffuse Background from the ROSAT XRT/PSPC All-Sky Survey}",
  journal = {\apj},
 keywords = {SURVEYS, X-RAYS: GALAXIES, X-RAYS: GENERAL, X-RAYS: ISM},
     year = 1995,
    month = dec,
   volume = 454,
    pages = {643},
      doi = {10.1086/176517},
   adsurl = {http://adsabs.harvard.edu/abs/1995ApJ...454..643S},
  adsnote = {Provided by the SAO/NASA Astrophysics Data System}
}


@ARTICLE{giacconi2001,
   author = {{Giacconi}, R. and {Rosati}, P. and {Tozzi}, P. and {Nonino}, M. and 
	{Hasinger}, G. and {Norman}, C. and {Bergeron}, J. and {Borgani}, S. and 
	{Gilli}, R. and {Gilmozzi}, R. and {Zheng}, W.},
    title = "{First Results from the X-Ray and Optical Survey of the Chandra Deep Field South}",
  journal = {\apj},
   eprint = {astro-ph/0007240},
 keywords = {Cosmology: Observations, Cosmology: Diffuse Radiation, Galaxies: Active, Surveys, X-Rays: Galaxies},
     year = 2001,
    month = apr,
   volume = 551,
    pages = {624-634},
      doi = {10.1086/320222},
   adsurl = {http://adsabs.harvard.edu/abs/2001ApJ...551..624G},
  adsnote = {Provided by the SAO/NASA Astrophysics Data System}
}


@ARTICLE{arnaud2001,
   author = {{Arnaud}, M. and {Neumann}, D.~M. and {Aghanim}, N. and {Gastaud}, R. and 
	{Majerowicz}, S. and {Hughes}, J.~P.},
    title = "{Measuring cluster temperature profiles with XMM/EPIC}",
  journal = {\aap},
   eprint = {astro-ph/0011198},
 keywords = {GALAXIES: CLUSTERS: INDIVIDUAL: A1795, GALAXIES: INTERGALACTIC MEDIUM, COSMOLOGY: OBSERVATIONS, COSMOLOGY: DARK MATTER, X-RAYS: GENERAL},
     year = 2001,
    month = jan,
   volume = 365,
    pages = {L80-L86},
      doi = {10.1051/0004-6361:20000017},
   adsurl = {http://adsabs.harvard.edu/abs/2001A%26A...365L..80A},
  adsnote = {Provided by the SAO/NASA Astrophysics Data System}
}



@ARTICLE{read2003,
   author = {{Read}, A.~M. and {Ponman}, T.~J.},
    title = "{The XMM-Newton EPIC background: Production of background maps and event files}",
  journal = {\aap},
   eprint = {astro-ph/0304147},
 keywords = {surveys, X-rays: diffuse background, X-rays: general},
     year = 2003,
    month = oct,
   volume = 409,
    pages = {395-410},
      doi = {10.1051/0004-6361:20031099},
   adsurl = {http://adsabs.harvard.edu/abs/2003A%26A...409..395R},
  adsnote = {Provided by the SAO/NASA Astrophysics Data System}
}


@ARTICLE{vikhlinin2006,
   author = {{Vikhlinin}, A. and {Kravtsov}, A. and {Forman}, W. and {Jones}, C. and 
	{Markevitch}, M. and {Murray}, S.~S. and {Van Speybroeck}, L.
	},
    title = "{Chandra Sample of Nearby Relaxed Galaxy Clusters: Mass, Gas Fraction, and Mass-Temperature Relation}",
  journal = {\apj},
   eprint = {astro-ph/0507092},
 keywords = {Cosmology: Observations, Cosmology: Dark Matter, Galaxies: Clusters: General, X-Rays: Galaxies: Clusters},
     year = 2006,
    month = apr,
   volume = 640,
    pages = {691-709},
      doi = {10.1086/500288},
   adsurl = {http://adsabs.harvard.edu/abs/2006ApJ...640..691V},
  adsnote = {Provided by the SAO/NASA Astrophysics Data System}
}


@ARTICLE{croston2006,
   author = {{Croston}, J.~H. and {Arnaud}, M. and {Pointecouteau}, E. and 
	{Pratt}, G.~W.},
    title = "{An improved deprojection and PSF-deconvolution technique for galaxy-cluster X-ray surface-brightness profiles}",
  journal = {\aap},
   eprint = {astro-ph/0608700},
 keywords = {galaxies: clusters: general, X-rays: galaxies: clusters},
     year = 2006,
    month = dec,
   volume = 459,
    pages = {1007-1019},
      doi = {10.1051/0004-6361:20065795},
   adsurl = {http://adsabs.harvard.edu/abs/2006A%26A...459.1007C},
  adsnote = {Provided by the SAO/NASA Astrophysics Data System}
}


@ARTICLE{lumb2002,
   author = {{Lumb}, D.~H. and {Warwick}, R.~S. and {Page}, M. and {De Luca}, A.
	},
    title = "{X-ray background measurements with XMM-Newton EPIC}",
  journal = {\aap},
   eprint = {astro-ph/0204147},
 keywords = {instrumentation: detectors, X-rays: diffuse background, surveys},
     year = 2002,
    month = jul,
   volume = 389,
    pages = {93-105},
      doi = {10.1051/0004-6361:20020531},
   adsurl = {http://adsabs.harvard.edu/abs/2002A%26A...389...93L},
  adsnote = {Provided by the SAO/NASA Astrophysics Data System}
}


@ARTICLE{kuntzsnowden2000,
   author = {{Kuntz}, K.~D. and {Snowden}, S.~L.},
    title = "{Deconstructing the Spectrum of the Soft X-Ray Background}",
  journal = {\apj},
 keywords = {Galaxy: General, ISM: General, X-Rays: Galaxies, X-Rays: General},
     year = 2000,
    month = nov,
   volume = 543,
    pages = {195-215},
      doi = {10.1086/317071},
   adsurl = {http://adsabs.harvard.edu/abs/2000ApJ...543..195K},
  adsnote = {Provided by the SAO/NASA Astrophysics Data System}
}


@ARTICLE{bourdin_a2163,
   author = {{Bourdin}, H. and {Arnaud}, M. and {Mazzotta}, P. and {Pratt}, G.~W. and 
	{Sauvageot}, J.-L. and {Martino}, R. and {Maurogordato}, S. and 
	{Cappi}, A. and {Ferrari}, C. and {Benoist}, C.},
    title = "{A2163: Merger events in the hottest Abell galaxy cluster. II. Subcluster accretion with galaxy-gas separation}",
  journal = {\aap},
archivePrefix = "arXiv",
   eprint = {1011.3154},
 primaryClass = "astro-ph.CO",
 keywords = {galaxies: clusters: general, intergalactic medium, X-rays: galaxies: clusters},
     year = 2011,
    month = mar,
   volume = 527,
      eid = {A21},
    pages = {A21},
      doi = {10.1051/0004-6361/201014907},
   adsurl = {http://adsabs.harvard.edu/abs/2011A%26A...527A..21B},
  adsnote = {Provided by the SAO/NASA Astrophysics Data System}
}


@ARTICLE{ma_2009,
   author = {{Ma}, C.-J. and {Ebeling}, H. and {Barrett}, E.},
    title = "{An X-Ray/Optical Study of the Complex Dynamics of the Core of the Massive Intermediate-Redshift Cluster MACSJ0717.5+3745}",
  journal = {\apjl},
archivePrefix = "arXiv",
   eprint = {0901.4783},
 primaryClass = "astro-ph.CO",
 keywords = {galaxies: clusters: individual: MACSJ0717.5+3745, X-rays: galaxies: clusters},
     year = 2009,
    month = mar,
   volume = 693,
    pages = {L56-L60},
      doi = {10.1088/0004-637X/693/2/L56},
   adsurl = {http://adsabs.harvard.edu/abs/2009ApJ...693L..56M},
  adsnote = {Provided by the SAO/NASA Astrophysics Data System}
}


@ARTICLE{ma_2008,
   author = {{Ma}, C.-J. and {Ebeling}, H. and {Donovan}, D. and {Barrett}, E.
	},
    title = "{The Spatial Distribution of Galaxies of Different Spectral Types in the Massive Intermediate-Redshift Cluster MACS J0717.5+3745}",
  journal = {\apj},
archivePrefix = "arXiv",
   eprint = {0805.2238},
 keywords = {galaxies: clusters: individual (MACS J0717.5+3745), Galaxies: Elliptical and Lenticular, cD, Galaxies: Evolution, Galaxies: Starburst, Cosmology: Large-Scale Structure of Universe, Techniques: Spectroscopic},
     year = 2008,
    month = sep,
   volume = 684,
    pages = {160-176},
      doi = {10.1086/589991},
   adsurl = {http://adsabs.harvard.edu/abs/2008ApJ...684..160M},
  adsnote = {Provided by the SAO/NASA Astrophysics Data System}
}


@ARTICLE{laughlin1999,
   author = {{McLaughlin}, D.~E.},
    title = "{The Efficiency of Globular Cluster Formation}",
  journal = {\aj},
   eprint = {astro-ph/9901283},
 keywords = {GALAXIES: ELLIPTICAL AND LENTICULAR, CD, GALAXIES: INDIVIDUAL (M87, M49, NGC 1399), GALAXIES: STAR CLUSTERS, GALAXY: GLOBULAR CLUSTERS: GENERAL, STARS: FORMATION},
     year = 1999,
    month = may,
   volume = 117,
    pages = {2398-2427},
      doi = {10.1086/300836},
   adsurl = {http://adsabs.harvard.edu/abs/1999AJ....117.2398M},
  adsnote = {Provided by the SAO/NASA Astrophysics Data System}
}


 @misc{ghizzardi2001,
   author = {{Ghizzardi}, S},
   title = {XMM-SOC-CAL-TN-0022},
   url = {http://xmm.vilspa.esa.es},
   year = 2001
 }
 
  @misc{chandra_back,
   author = {{Markevitch}, M},
   title = {http://cxc.cfa.harvard.edu/contrib/maxim/},
   url = {http://cxc.cfa.harvard.edu/contrib/maxim/},
   year = 2010
 }
 

@ARTICLE{kravtsov2006,
   author = {{Kravtsov}, A.~V. and {Vikhlinin}, A. and {Nagai}, D.},
    title = "{A New Robust Low-Scatter X-Ray Mass Indicator for Clusters of Galaxies}",
  journal = {\apj},
   eprint = {astro-ph/0603205},
 keywords = {Cosmology: Theory, Galaxies: Clusters: General, Galaxies: Evolution, Methods: Numerical, X-Rays: Galaxies: Clusters},
     year = 2006,
    month = oct,
   volume = 650,
    pages = {128-136},
      doi = {10.1086/506319},
   adsurl = {http://adsabs.harvard.edu/abs/2006ApJ...650..128K},
  adsnote = {Provided by the SAO/NASA Astrophysics Data System}
}


@ARTICLE{ma_2007,
   author = {{Arnaud}, M. and {Pointecouteau}, E. and {Pratt}, G.~W.},
    title = "{Calibration of the galaxy cluster M$\{$500$\}$-Y$\{$X$\}$ relation with XMM-Newton}",
  journal = {\aap},
archivePrefix = "arXiv",
   eprint = {0709.1561},
 keywords = {cosmology: observations, cosmology: dark, matter, galaxies: clusters: general, galaxies: intergalactic, medium, X-rays: galaxies: clusters},
     year = 2007,
    month = nov,
   volume = 474,
    pages = {L37-L40},
      doi = {10.1051/0004-6361:20078541},
   adsurl = {http://adsabs.harvard.edu/abs/2007A%26A...474L..37A},
  adsnote = {Provided by the SAO/NASA Astrophysics Data System}
}


@ARTICLE{kalberla2005,
   author = {{Kalberla}, P.~M.~W. and {Burton}, W.~B. and {Hartmann}, D. and 
	{Arnal}, E.~M. and {Bajaja}, E. and {Morras}, R. and {P{\"o}ppel}, W.~G.~L.
	},
    title = "{The Leiden/Argentine/Bonn (LAB) Survey of Galactic HI. Final data release of the combined LDS and IAR surveys with improved stray-radiation corrections}",
  journal = {\aap},
   eprint = {astro-ph/0504140},
 keywords = {surveys, radio lines: ISM, Galaxy: structure},
     year = 2005,
    month = sep,
   volume = 440,
    pages = {775-782},
      doi = {10.1051/0004-6361:20041864},
   adsurl = {http://adsabs.harvard.edu/abs/2005A%26A...440..775K},
  adsnote = {Provided by the SAO/NASA Astrophysics Data System}
}


@ARTICLE{vikh_multit,
   author = {{Vikhlinin}, A.},
    title = "{Predicting a Single-Temperature Fit to Multicomponent Thermal Plasma Spectra}",
  journal = {\apj},
   eprint = {astro-ph/0504098},
 keywords = {Methods: n-Body Simulations, Techniques: Spectroscopic, X-Rays: Galaxies, X-Rays: Galaxies: Clusters},
     year = 2006,
    month = apr,
   volume = 640,
    pages = {710-715},
      doi = {10.1086/500121},
   adsurl = {http://adsabs.harvard.edu/abs/2006ApJ...640..710V},
  adsnote = {Provided by the SAO/NASA Astrophysics Data System}
}


@ARTICLE{mazzotta2004,
   author = {{Mazzotta}, P. and {Rasia}, E. and {Moscardini}, L. and {Tormen}, G.
	},
    title = "{Comparing the temperatures of galaxy clusters from hydrodynamical N-body simulations to Chandra and XMM-Newton observations}",
  journal = {\mnras},
   eprint = {astro-ph/0404425},
 keywords = {hydrodynamics, methods: numerical, galaxies: clusters: general, galaxies: general, cosmology: theory, X-rays: general},
     year = 2004,
    month = oct,
   volume = 354,
    pages = {10-24},
      doi = {10.1111/j.1365-2966.2004.08167.x},
   adsurl = {http://adsabs.harvard.edu/abs/2004MNRAS.354...10M},
  adsnote = {Provided by the SAO/NASA Astrophysics Data System}
}


@ARTICLE{croston2008,
   author = {{Croston}, J.~H. and {Pratt}, G.~W. and {B{\"o}hringer}, H. and 
	{Arnaud}, M. and {Pointecouteau}, E. and {Ponman}, T.~J. and 
	{Sanderson}, A.~J.~R. and {Temple}, R.~F. and {Bower}, R.~G. and 
	{Donahue}, M.},
    title = "{Galaxy-cluster gas-density distributions of the representative XMM-Newton cluster structure survey (REXCESS)}",
  journal = {\aap},
archivePrefix = "arXiv",
   eprint = {0801.3430},
 keywords = {galaxies: clusters: general, galaxies: intergalactic medium, cosmology: large-scale structure of Universe},
     year = 2008,
    month = aug,
   volume = 487,
    pages = {431-443},
      doi = {10.1051/0004-6361:20079154},
   adsurl = {http://adsabs.harvard.edu/abs/2008A%26A...487..431C},
  adsnote = {Provided by the SAO/NASA Astrophysics Data System}
}


@ARTICLE{mahdavi2013,
   author = {{Mahdavi}, A. and {Hoekstra}, H. and {Babul}, A. and {Bildfell}, C. and 
	{Jeltema}, T. and {Henry}, J.~P.},
    title = "{Joint Analysis of Cluster Observations. II. Chandra/XMM-Newton X-Ray and Weak Lensing Scaling Relations for a Sample of 50 Rich Clusters of Galaxies}",
  journal = {\apj},
archivePrefix = "arXiv",
   eprint = {1210.3689},
 keywords = {galaxies: clusters: general, galaxies: clusters: intracluster medium, gravitational lensing: weak, X-rays: galaxies: clusters},
     year = 2013,
    month = apr,
   volume = 767,
      eid = {116},
    pages = {116},
      doi = {10.1088/0004-637X/767/2/116},
   adsurl = {http://adsabs.harvard.edu/abs/2013ApJ...767..116M},
  adsnote = {Provided by the SAO/NASA Astrophysics Data System}
}


@ARTICLE{martino2014,
   author = {{Martino}, R. and {Mazzotta}, P. and {Bourdin}, H. and {Smith}, G.~P. and 
	{Bartalucci}, I. and {Marrone}, D.~P. and {Finoguenov}, A. and 
	{Okabe}, N.},
    title = "{LoCuSS: hydrostatic mass measurements of the high-L$_{X}$ cluster sample - cross-calibration of Chandra and XMM-Newton}",
  journal = {\mnras},
archivePrefix = "arXiv",
   eprint = {1406.6831},
 keywords = {galaxies: clusters: general, cosmology: observations, X-rays: galaxies: clusters},
     year = 2014,
    month = sep,
   volume = 443,
    pages = {2342-2360},
      doi = {10.1093/mnras/stu1267},
   adsurl = {http://adsabs.harvard.edu/abs/2014MNRAS.443.2342M},
  adsnote = {Provided by the SAO/NASA Astrophysics Data System}
}

@ARTICLE{pratt2009,
   author = {{Pratt}, G.~W. and {Croston}, J.~H. and {Arnaud}, M. and {B{\"o}hringer}, H.
	},
    title = "{Galaxy cluster X-ray luminosity scaling relations from a representative local sample (REXCESS)}",
  journal = {\aap},
archivePrefix = "arXiv",
   eprint = {0809.3784},
 keywords = {X-rays: galaxies: clusters, galaxies: clusters: general, intergalactic medium, cosmology: observations, dark matter},
     year = 2009,
    month = may,
   volume = 498,
    pages = {361-378},
      doi = {10.1051/0004-6361/200810994},
   adsurl = {http://adsabs.harvard.edu/abs/2009A%26A...498..361P},
  adsnote = {Provided by the SAO/NASA Astrophysics Data System}
}

